|j|‽Jus4funsies
|j|☆ihymyly
|t:|1781501768
|gametype|singles
|player|p1|Jus4funsies|265|1532
|player|p2|ihymyly|1|1544
|gen|9
|tier|[Gen 9] OU
|rated|
|rule|HP Percentage Mod: HP is shown in percentages
|rule|Endless Battle Clause: Forcing endless battles is banned
|rule|Species Clause: Limit one of each Pokémon
|rule|OHKO Clause: OHKO moves are banned
|rule|Evasion Items Clause: Evasion items are banned
|rule|Evasion Moves Clause: Evasion moves are banned
|rule|Evasion Abilities Clause: Evasion abilities are banned
|rule|Sleep Moves Clause: Sleep-inducing moves are banned
|clearpoke
|poke|p1|Samurott-Hisui, F|
|poke|p1|Gholdengo|
|poke|p1|Great Tusk|
|poke|p1|Raging Bolt|
|poke|p1|Dragonite, M|
|poke|p1|Kingambit, F|
|poke|p2|Pelipper, F|
|poke|p2|Kingdra, F|
|poke|p2|Weavile, M|
|poke|p2|Raging Bolt|
|poke|p2|Clodsire, F|
|poke|p2|Corviknight, F|
|teampreview
|
|t:|1781501774
|teamsize|p1|6
|teamsize|p2|6
|start
|switch|p1a: Samurott|Samurott-Hisui, F|100/100
|switch|p2a: Cokuf|Corviknight, F|100/100
|-ability|p2a: Cokuf|Pressure
|turn|1
|j| electrofug
|
|t:|1781501799
|move|p1a: Samurott|Ceaseless Edge|p2a: Cokuf
|-damage|p2a: Cokuf|72/100
|-damage|p1a: Samurott|84/100|[from] item: Rocky Helmet|[of] p2a: Cokuf
|-sidestart|p2: ihymyly|Spikes
|move|p2a: Cokuf|Body Press|p1a: Samurott
|-supereffective|p1a: Samurott
|-damage|p1a: Samurott|18/100
|
|upkeep
|turn|2
|inactive|Battle timer is ON: inactive players will automatically lose when time's up. (requested by Jus4funsies)
|
|t:|1781501806
|move|p1a: Samurott|Taunt|p2a: Cokuf
|-start|p2a: Cokuf|move: Taunt
|move|p2a: Cokuf|U-turn|p1a: Samurott
|-supereffective|p1a: Samurott
|-damage|p1a: Samurott|0 fnt
|faint|p1a: Samurott
|
|t:|1781501813
|switch|p2a: Beakblaster 3000|Pelipper, F|100/100|[from] U-turn
|-weather|RainDance|[from] ability: Drizzle|[of] p2a: Beakblaster 3000
|
|-weather|RainDance|[upkeep]
|upkeep
|
|t:|1781501817
|switch|p1a: Raging Bolt|Raging Bolt|100/100
|-enditem|p1a: Raging Bolt|Booster Energy
|-activate|p1a: Raging Bolt|ability: Protosynthesis|[fromitem]
|-start|p1a: Raging Bolt|protosynthesisspa
|turn|3
|
|t:|1781501821
|switch|p2a: Sire Slayton|Clodsire, F|100/100
|-damage|p2a: Sire Slayton|88/100|[from] Spikes
|move|p1a: Raging Bolt|Dragon Pulse|p2a: Sire Slayton
|-damage|p2a: Sire Slayton|50/100
|
|-weather|RainDance|[upkeep]
|-heal|p2a: Sire Slayton|56/100|[from] item: Leftovers
|upkeep
|turn|4
|
|t:|1781501827
|-end|p1a: Raging Bolt|Protosynthesis|[silent]
|switch|p1a: Great Tusk|Great Tusk|100/100
|move|p2a: Sire Slayton|Recover|p2a: Sire Slayton
|-heal|p2a: Sire Slayton|100/100
|
|-weather|RainDance|[upkeep]
|upkeep
|turn|5
|
|t:|1781501851
|switch|p2a: Cokuf|Corviknight, F|72/100
|-ability|p2a: Cokuf|Pressure
|move|p1a: Great Tusk|Stealth Rock|p2a: Cokuf
|-sidestart|p2: ihymyly|move: Stealth Rock
|
|-weather|RainDance|[upkeep]
|upkeep
|turn|6
|
|t:|1781501855
|-end|p1a: Great Tusk|Protosynthesis|[silent]
|switch|p1a: Gholdengo|Gholdengo|100/100
|-item|p1a: Gholdengo|Air Balloon
|move|p2a: Cokuf|U-turn|p1a: Gholdengo
|-resisted|p1a: Gholdengo
|-damage|p1a: Gholdengo|96/100
|-enditem|p1a: Gholdengo|Air Balloon
|
|t:|1781501863
|switch|p2a: Vincent Von Vain|Kingdra, F|100/100|[from] U-turn
|-damage|p2a: Vincent Von Vain|88/100|[from] Spikes
|-damage|p2a: Vincent Von Vain|76/100|[from] Stealth Rock
|
|-weather|RainDance|[upkeep]
|upkeep
|turn|7
|
|t:|1781501870
|switch|p1a: Raging Bolt|Raging Bolt|100/100
|move|p2a: Vincent Von Vain|Weather Ball|p1a: Raging Bolt
|-resisted|p1a: Raging Bolt
|-damage|p1a: Raging Bolt|50/100
|
|-weather|RainDance|[upkeep]
|upkeep
|turn|8
|inactive|ihymyly has 120 seconds left.
|
|t:|1781501901
|switch|p2a: Sire Slayton|Clodsire, F|100/100
|-damage|p2a: Sire Slayton|88/100|[from] Spikes
|-damage|p2a: Sire Slayton|82/100|[from] Stealth Rock
|move|p1a: Raging Bolt|Thunderclap||[still]
|-fail|p1a: Raging Bolt
|
|-weather|RainDance|[upkeep]
|-heal|p2a: Sire Slayton|88/100|[from] item: Leftovers
|upkeep
|turn|9
|
|t:|1781501907
|-end|p1a: Raging Bolt|Protosynthesis|[silent]
|switch|p1a: Great Tusk|Great Tusk|100/100
|move|p2a: Sire Slayton|Stealth Rock|p1a: Great Tusk
|-sidestart|p1: Jus4funsies|move: Stealth Rock
|
|-weather|none
|-heal|p2a: Sire Slayton|94/100|[from] item: Leftovers
|upkeep
|turn|10
|
|t:|1781501911
|switch|p2a: Cokuf|Corviknight, F|72/100
|-damage|p2a: Cokuf|59/100|[from] Stealth Rock
|-ability|p2a: Cokuf|Pressure
|move|p1a: Great Tusk|Rapid Spin|p2a: Cokuf
|-resisted|p2a: Cokuf
|-damage|p2a: Cokuf|55/100
|-boost|p1a: Great Tusk|spe|1
|-damage|p1a: Great Tusk|84/100|[from] item: Rocky Helmet|[of] p2a: Cokuf
|-sideend|p1: Jus4funsies|Stealth Rock|[from] move: Rapid Spin|[of] p1a: Great Tusk
|
|upkeep
|turn|11
|
|t:|1781501915
|-end|p1a: Great Tusk|Protosynthesis|[silent]
|switch|p1a: Gholdengo|Gholdengo|96/100
|move|p2a: Cokuf|U-turn|p1a: Gholdengo
|-resisted|p1a: Gholdengo
|-damage|p1a: Gholdengo|92/100
|
|t:|1781501920
|switch|p2a: Sire Slayton|Clodsire, F|94/100|[from] U-turn
|-damage|p2a: Sire Slayton|82/100|[from] Spikes
|-damage|p2a: Sire Slayton|75/100|[from] Stealth Rock
|
|-heal|p2a: Sire Slayton|82/100|[from] item: Leftovers
|upkeep
|turn|12
|
|t:|1781501925
|switch|p1a: Great Tusk|Great Tusk|84/100
|move|p2a: Sire Slayton|Stealth Rock|p1a: Great Tusk
|-sidestart|p1: Jus4funsies|move: Stealth Rock
|
|-heal|p2a: Sire Slayton|88/100|[from] item: Leftovers
|upkeep
|turn|13
|
|t:|1781501928
|move|p1a: Great Tusk|Rapid Spin|p2a: Sire Slayton
|-damage|p2a: Sire Slayton|72/100
|-boost|p1a: Great Tusk|spe|1
|-sideend|p1: Jus4funsies|Stealth Rock|[from] move: Rapid Spin|[of] p1a: Great Tusk
|move|p2a: Sire Slayton|Toxic|p1a: Great Tusk
|-status|p1a: Great Tusk|tox
|
|-heal|p2a: Sire Slayton|79/100|[from] item: Leftovers
|-damage|p1a: Great Tusk|78/100 tox|[from] psn
|upkeep
|turn|14
|
|t:|1781501933
|-end|p1a: Great Tusk|Protosynthesis|[silent]
|switch|p1a: Gholdengo|Gholdengo|92/100
|switch|p2a: Cokuf|Corviknight, F|55/100
|-damage|p2a: Cokuf|42/100|[from] Stealth Rock
|-ability|p2a: Cokuf|Pressure
|
|upkeep
|turn|15
|
|t:|1781501937
|move|p1a: Gholdengo|Shadow Ball|p2a: Cokuf
|-damage|p2a: Cokuf|0 fnt
|faint|p2a: Cokuf
|
|upkeep
|
|t:|1781501940
|switch|p2a: Nails|Weavile, M|100/100
|-ability|p2a: Nails|Pressure
|turn|16
|
|t:|1781501966
|switch|p1a: Raging Bolt|Raging Bolt|50/100
|move|p2a: Nails|Knock Off|p1a: Raging Bolt
|-damage|p1a: Raging Bolt|21/100
|
|upkeep
|turn|17
|
|t:|1781501990
|move|p2a: Nails|Ice Shard|p1a: Raging Bolt
|-supereffective|p1a: Raging Bolt
|-crit|p1a: Raging Bolt
|-damage|p1a: Raging Bolt|0 fnt
|faint|p1a: Raging Bolt
|-end|p1a: Raging Bolt|Protosynthesis|[silent]
|
|upkeep
|
|t:|1781501994
|switch|p1a: Dragonite|Dragonite, M|100/100
|turn|18
|inactive|ihymyly has 120 seconds left.
|
|t:|1781502029
|-terastallize|p1a: Dragonite|Normal
|move|p2a: Nails|Knock Off|p1a: Dragonite
|-damage|p1a: Dragonite|76/100
|-enditem|p1a: Dragonite|Heavy-Duty Boots|[from] move: Knock Off|[of] p2a: Nails
|move|p1a: Dragonite|Dragon Dance|p1a: Dragonite
|-boost|p1a: Dragonite|atk|1
|-boost|p1a: Dragonite|spe|1
|
|upkeep
|turn|19
|inactive|ihymyly has 120 seconds left.
|
|t:|1781502035
|-terastallize|p2a: Nails|Ghost
|move|p1a: Dragonite|Extreme Speed|p2a: Nails
|-immune|p2a: Nails
|move|p2a: Nails|Triple Axel|p1a: Dragonite|[miss]
|-miss|p2a: Nails|p1a: Dragonite
|
|upkeep
|turn|20
|
|t:|1781502042
|move|p1a: Dragonite|Earthquake|p2a: Nails
|-damage|p2a: Nails|6/100
|move|p2a: Nails|Triple Axel|p1a: Dragonite
|-damage|p1a: Dragonite|65/100
|-damage|p1a: Dragonite|44/100
|-damage|p1a: Dragonite|13/100
|-hitcount|p1a: Dragonite|3
|
|upkeep
|turn|21
|
|t:|1781502050
|move|p2a: Nails|Ice Shard|p1a: Dragonite
|-damage|p1a: Dragonite|0 fnt
|faint|p1a: Dragonite
|
|upkeep
|
|t:|1781502054
|switch|p1a: Kingambit|Kingambit, F|100/100
|-activate|p1a: Kingambit|ability: Supreme Overlord
|-start|p1a: Kingambit|fallen3|[silent]
|turn|22
|
|t:|1781502056
|move|p2a: Nails|Knock Off|p1a: Kingambit
|-resisted|p1a: Kingambit
|-damage|p1a: Kingambit|79/100
|-enditem|p1a: Kingambit|Black Glasses|[from] move: Knock Off|[of] p2a: Nails
|move|p1a: Kingambit|Iron Head|p2a: Nails
|-damage|p2a: Nails|0 fnt
|faint|p2a: Nails
|
|upkeep
|
|t:|1781502060
|switch|p2a: Beakblaster 3000|Pelipper, F|100/100
|-damage|p2a: Beakblaster 3000|76/100|[from] Stealth Rock
|-weather|RainDance|[from] ability: Drizzle|[of] p2a: Beakblaster 3000
|turn|23
|
|t:|1781502064
|-end|p1a: Kingambit|fallen3|[silent]
|switch|p1a: Gholdengo|Gholdengo|92/100
|move|p2a: Beakblaster 3000|Surf|p1a: Gholdengo
|-damage|p1a: Gholdengo|35/100
|
|-weather|RainDance|[upkeep]
|upkeep
|turn|24
|
|t:|1781502073
|move|p1a: Gholdengo|Shadow Ball|p2a: Beakblaster 3000
|-damage|p2a: Beakblaster 3000|16/100
|move|p2a: Beakblaster 3000|Surf|p1a: Gholdengo
|-damage|p1a: Gholdengo|0 fnt
|faint|p1a: Gholdengo
|
|-weather|RainDance|[upkeep]
|upkeep
|
|t:|1781502077
|switch|p1a: Great Tusk|Great Tusk|78/100 tox
|turn|25
|
|t:|1781502083
|move|p1a: Great Tusk|Rapid Spin|p2a: Beakblaster 3000
|-damage|p2a: Beakblaster 3000|4/100
|-boost|p1a: Great Tusk|spe|1
|move|p2a: Beakblaster 3000|Roost|p2a: Beakblaster 3000
|-heal|p2a: Beakblaster 3000|54/100
|-singleturn|p2a: Beakblaster 3000|move: Roost
|
|-weather|RainDance|[upkeep]
|-damage|p1a: Great Tusk|71/100 tox|[from] psn
|upkeep
|turn|26
|
|t:|1781502090
|move|p1a: Great Tusk|Ice Spinner|p2a: Beakblaster 3000
|-damage|p2a: Beakblaster 3000|36/100
|move|p2a: Beakblaster 3000|Roost|p2a: Beakblaster 3000
|-heal|p2a: Beakblaster 3000|86/100
|-singleturn|p2a: Beakblaster 3000|move: Roost
|
|-weather|RainDance|[upkeep]
|-damage|p1a: Great Tusk|59/100 tox|[from] psn
|upkeep
|turn|27
|
|t:|1781502096
|move|p1a: Great Tusk|Ice Spinner|p2a: Beakblaster 3000
|-damage|p2a: Beakblaster 3000|69/100
|move|p2a: Beakblaster 3000|Surf|p1a: Great Tusk
|-supereffective|p1a: Great Tusk
|-damage|p1a: Great Tusk|0 fnt
|faint|p1a: Great Tusk
|-end|p1a: Great Tusk|Protosynthesis|[silent]
|
|-weather|RainDance|[upkeep]
|upkeep
|
|t:|1781502098
|switch|p1a: Kingambit|Kingambit, F|79/100
|-activate|p1a: Kingambit|ability: Supreme Overlord
|-start|p1a: Kingambit|fallen5|[silent]
|turn|28
|
|t:|1781502101
|move|p1a: Kingambit|Sucker Punch|p2a: Beakblaster 3000
|-damage|p2a: Beakblaster 3000|22/100
|move|p2a: Beakblaster 3000|Surf|p1a: Kingambit
|-damage|p1a: Kingambit|27/100
|
|-weather|RainDance|[upkeep]
|upkeep
|turn|29
|-message|Jus4funsies forfeited.
|
|win|ihymyly
|raw|Jus4funsies's rating: 1532 &rarr; <strong>1512</strong><br />(-20 for losing)
|raw|ihymyly's rating: 1525 &rarr; <strong>1545</strong><br />(+20 for winning)
|l|☆ihymyly
|player|p2|
|l|‽Jus4funsies
|player|p1|
|l| electrofug
