|j|☆huilaoshi1111
|j|☆KurisuChestnutOU
|t:|1781169928
|gametype|singles
|player|p1|huilaoshi1111|266|1537
|player|p2|KurisuChestnutOU|may-contest|1528
|gen|9
|tier|[Gen 9] OU
|rated|
|rule|HP Percentage Mod: HP is shown in percentages
|rule|Endless Battle Clause: Forcing endless battles is banned
|rule|Species Clause: Limit one of each Pokémon
|rule|OHKO Clause: OHKO moves are banned
|rule|Evasion Items Clause: Evasion items are banned
|rule|Evasion Moves Clause: Evasion moves are banned
|rule|Evasion Abilities Clause: Evasion abilities are banned
|rule|Sleep Moves Clause: Sleep-inducing moves are banned
|clearpoke
|poke|p1|Mienshao, M|
|poke|p1|Blissey, F|
|poke|p1|Slowbro, F|
|poke|p1|Krookodile, M|
|poke|p1|Talonflame, F|
|poke|p1|Zoroark-Hisui, F|
|poke|p2|Gliscor, F|
|poke|p2|Dondozo, F|
|poke|p2|Slowking-Galar, F|
|poke|p2|Gholdengo|
|poke|p2|Great Tusk|
|poke|p2|Kingambit, F|
|teampreview
|inactive|Battle timer is ON: inactive players will automatically lose when time's up. (requested by KurisuChestnutOU)
|
|t:|1781169942
|teamsize|p1|6
|teamsize|p2|6
|start
|switch|p1a: Mienshao|Mienshao, M|100/100
|switch|p2a: Gliscor|Gliscor, F|100/100
|turn|1
|
|t:|1781169946
|move|p1a: Mienshao|Triple Axel|p2a: Gliscor
|-supereffective|p2a: Gliscor
|-damage|p2a: Gliscor|81/100
|-supereffective|p2a: Gliscor
|-damage|p2a: Gliscor|45/100
|-supereffective|p2a: Gliscor
|-damage|p2a: Gliscor|0 fnt
|faint|p2a: Gliscor
|-hitcount|p2: Gliscor|3
|
|upkeep
|
|t:|1781169953
|switch|p2a: Kingambit|Kingambit, F|100/100
|-activate|p2a: Kingambit|ability: Supreme Overlord
|-start|p2a: Kingambit|fallen1|[silent]
|turn|2
|
|t:|1781169959
|switch|p1a: Krookodile|Krookodile, M|100/100
|-ability|p1a: Krookodile|Intimidate|boost
|-unboost|p2a: Kingambit|atk|1
|move|p2a: Kingambit|Swords Dance|p2a: Kingambit
|-boost|p2a: Kingambit|atk|2
|
|upkeep
|turn|3
|
|t:|1781169964
|move|p1a: Krookodile|Earthquake|p2a: Kingambit
|-supereffective|p2a: Kingambit
|-damage|p2a: Kingambit|0 fnt
|faint|p2a: Kingambit
|-end|p2a: Kingambit|fallen1|[silent]
|
|upkeep
|
|t:|1781169972
|switch|p2a: Gholdengo|Gholdengo|100/100
|-item|p2a: Gholdengo|Air Balloon
|turn|4
|
|t:|1781169981
|switch|p1a: Slowbro|Slowbro, F|100/100
|-terastallize|p2a: Gholdengo|Flying
|move|p2a: Gholdengo|Make It Rain|p1a: Slowbro
|-resisted|p1a: Slowbro
|-damage|p1a: Slowbro|67/100
|-unboost|p2a: Gholdengo|spa|1
|
|upkeep
|turn|5
|
|t:|1781169989
|switch|p1a: Blissey|Blissey, F|100/100
|move|p2a: Gholdengo|Nasty Plot|p2a: Gholdengo
|-boost|p2a: Gholdengo|spa|2
|
|upkeep
|turn|6
|
|t:|1781169996
|move|p1a: Blissey|Bitter Malice|p2a: Gholdengo
|-damage|p2a: Gholdengo|27/100
|-unboost|p2a: Gholdengo|atk|1
|-enditem|p2a: Gholdengo|Air Balloon
|move|p2a: Gholdengo|Nasty Plot|p2a: Gholdengo
|-boost|p2a: Gholdengo|spa|2
|
|upkeep
|turn|7
|
|t:|1781170004
|move|p1a: Blissey|Bitter Malice|p2a: Gholdengo
|-damage|p2a: Gholdengo|0 fnt
|faint|p2a: Gholdengo
|
|upkeep
|
|t:|1781170010
|switch|p2a: Great Tusk|Great Tusk|100/100
|turn|8
|
|t:|1781170016
|switch|p1a: Slowbro|Slowbro, F|99/100
|move|p2a: Great Tusk|Knock Off|p1a: Slowbro
|-supereffective|p1a: Slowbro
|-enditem|p1a: Slowbro|Colbur Berry|[eat]
|-enditem|p1a: Slowbro|Colbur Berry|[weaken]
|-damage|p1a: Slowbro|81/100
|
|upkeep
|turn|9
|
|t:|1781170021
|-end|p2a: Great Tusk|Protosynthesis|[silent]
|switch|p2a: Slowking|Slowking-Galar, F|100/100
|move|p1a: Slowbro|Scald|p2a: Slowking
|-damage|p2a: Slowking|88/100
|
|upkeep
|turn|10
|
|t:|1781170026
|move|p2a: Slowking|Sludge Bomb|p1a: Slowbro
|-damage|p1a: Slowbro|47/100
|-status|p1a: Slowbro|psn
|move|p1a: Slowbro|Future Sight|p2a: Slowking
|-start|p1a: Slowbro|move: Future Sight
|
|-damage|p1a: Slowbro|34/100 psn|[from] psn
|upkeep
|turn|11
|
|t:|1781170030
|switch|p1a: Blissey|Blissey, F|100/100
|move|p2a: Slowking|Sludge Bomb|p1a: Blissey
|-resisted|p1a: Blissey
|-damage|p1a: Blissey|66/100
|-status|p1a: Blissey|psn
|replace|p1a: Zoroark|Zoroark-Hisui, F
|-end|p1a: Zoroark|Illusion
|
|-damage|p1a: Zoroark|54/100 psn|[from] psn
|upkeep
|turn|12
|
|t:|1781170037
|move|p1a: Zoroark|Bitter Malice|p2a: Slowking
|-supereffective|p2a: Slowking
|-damage|p2a: Slowking|43/100
|-unboost|p2a: Slowking|atk|1
|move|p2a: Slowking|Sludge Bomb|p1a: Zoroark
|-resisted|p1a: Zoroark
|-damage|p1a: Zoroark|19/100 psn
|
|-end|p2a: Slowking|move: Future Sight
|-damage|p2a: Slowking|27/100
|-damage|p1a: Zoroark|7/100 psn|[from] psn
|upkeep
|turn|13
|
|t:|1781170042
|switch|p2a: Dondozo|Dondozo, F|100/100
|move|p1a: Zoroark|Bitter Malice|p2a: Dondozo
|-damage|p2a: Dondozo|37/100
|-unboost|p2a: Dondozo|atk|1
|
|-heal|p2a: Dondozo|43/100|[from] item: Leftovers
|-damage|p1a: Zoroark|0 fnt|[from] psn
|faint|p1a: Zoroark
|upkeep
|
|t:|1781170064
|switch|p1a: Krookodile|Krookodile, M|100/100
|-ability|p1a: Krookodile|Intimidate|boost
|-unboost|p2a: Dondozo|atk|1
|turn|14
|
|t:|1781170067
|move|p1a: Krookodile|Earthquake|p2a: Dondozo
|-damage|p2a: Dondozo|5/100
|move|p2a: Dondozo|Body Press|p1a: Krookodile
|-supereffective|p1a: Krookodile
|-damage|p1a: Krookodile|34/100
|
|-heal|p2a: Dondozo|11/100|[from] item: Leftovers
|upkeep
|turn|15
|
|t:|1781170074
|move|p1a: Krookodile|Earthquake|p2a: Dondozo
|-damage|p2a: Dondozo|0 fnt
|faint|p2a: Dondozo
|
|upkeep
|
|t:|1781170078
|switch|p2a: Great Tusk|Great Tusk|100/100
|turn|16
|
|t:|1781170083
|move|p2a: Great Tusk|Knock Off|p1a: Krookodile
|-resisted|p1a: Krookodile
|-crit|p1a: Krookodile
|-damage|p1a: Krookodile|2/100
|-enditem|p1a: Krookodile|Choice Band|[from] move: Knock Off|[of] p2a: Great Tusk
|move|p1a: Krookodile|Earthquake|p2a: Great Tusk
|-damage|p2a: Great Tusk|60/100
|
|upkeep
|turn|17
|
|t:|1781170088
|move|p2a: Great Tusk|Rapid Spin|p1a: Krookodile
|-damage|p1a: Krookodile|0 fnt
|-boost|p2a: Great Tusk|spe|1
|faint|p1a: Krookodile
|
|upkeep
|
|t:|1781170090
|switch|p1a: Slowbro|Slowbro, F|68/100 psn
|turn|18
|
|t:|1781170094
|-end|p2a: Great Tusk|Protosynthesis|[silent]
|switch|p2a: Slowking|Slowking-Galar, F|60/100
|move|p1a: Slowbro|Scald|p2a: Slowking
|-damage|p2a: Slowking|49/100
|
|-damage|p1a: Slowbro|55/100 psn|[from] psn
|upkeep
|turn|19
|
|t:|1781170097
|move|p2a: Slowking|Sludge Bomb|p1a: Slowbro
|-damage|p1a: Slowbro|21/100 psn
|move|p1a: Slowbro|Future Sight|p2a: Slowking
|-start|p1a: Slowbro|move: Future Sight
|
|-damage|p1a: Slowbro|8/100 psn|[from] psn
|upkeep
|turn|20
|
|t:|1781170102
|switch|p2a: Great Tusk|Great Tusk|60/100
|switch|p1a: Mienshao|Mienshao, M|100/100
|
|upkeep
|turn|21
|
|t:|1781170106
|move|p1a: Mienshao|Knock Off|p2a: Great Tusk
|-resisted|p2a: Great Tusk
|-damage|p2a: Great Tusk|47/100
|-enditem|p2a: Great Tusk|Heavy-Duty Boots|[from] move: Knock Off|[of] p1a: Mienshao
|move|p2a: Great Tusk|Headlong Rush|p1a: Mienshao
|-damage|p1a: Mienshao|0 fnt
|-unboost|p2a: Great Tusk|def|1
|-unboost|p2a: Great Tusk|spd|1
|faint|p1a: Mienshao
|
|-end|p2a: Great Tusk|move: Future Sight
|-supereffective|p2a: Great Tusk
|-damage|p2a: Great Tusk|0 fnt
|faint|p2a: Great Tusk
|-end|p2a: Great Tusk|Protosynthesis|[silent]
|upkeep
|
|t:|1781170114
|switch|p1a: Blissey|Blissey, F|100/100
|switch|p2a: Slowking|Slowking-Galar, F|82/100
|turn|22
|
|t:|1781170117
|move|p1a: Blissey|Thunder Wave|p2a: Slowking
|-status|p2a: Slowking|par
|cant|p2a: Slowking|par
|
|upkeep
|turn|23
|
|t:|1781170124
|move|p1a: Blissey|Seismic Toss|p2a: Slowking
|-damage|p2a: Slowking|57/100 par
|cant|p2a: Slowking|par
|
|upkeep
|turn|24
|
|t:|1781170131
|move|p1a: Blissey|Seismic Toss|p2a: Slowking
|-damage|p2a: Slowking|31/100 par
|cant|p2a: Slowking|par
|
|upkeep
|turn|25
|
|t:|1781170135
|move|p1a: Blissey|Seismic Toss|p2a: Slowking
|-damage|p2a: Slowking|6/100 par
|move|p2a: Slowking|Sludge Bomb|p1a: Blissey
|-damage|p1a: Blissey|91/100
|
|upkeep
|turn|26
|
|t:|1781170140
|move|p1a: Blissey|Seismic Toss|p2a: Slowking
|-damage|p2a: Slowking|0 fnt
|faint|p2a: Slowking
|
|win|huilaoshi1111
|raw|huilaoshi1111's rating: 1537 &rarr; <strong>1557</strong><br />(+20 for winning)
|raw|KurisuChestnutOU's rating: 1539 &rarr; <strong>1519</strong><br />(-20 for losing)
|l|☆KurisuChestnutOU
|player|p2|
|l|☆huilaoshi1111
|player|p1|
