|j|☆Capidaxter
|j|☆suprya
|t:|1781035185
|gametype|singles
|player|p1|Capidaxter|ethan|1761
|player|p2|suprya|clown|1705
|gen|9
|tier|[Gen 9] OU
|rated|
|rule|HP Percentage Mod: HP is shown in percentages
|rule|Endless Battle Clause: Forcing endless battles is banned
|rule|Species Clause: Limit one of each Pokémon
|rule|OHKO Clause: OHKO moves are banned
|rule|Evasion Items Clause: Evasion items are banned
|rule|Evasion Moves Clause: Evasion moves are banned
|rule|Evasion Abilities Clause: Evasion abilities are banned
|rule|Sleep Moves Clause: Sleep-inducing moves are banned
|clearpoke
|poke|p1|Ting-Lu|
|poke|p1|Glimmora, M|
|poke|p1|Gholdengo|
|poke|p1|Iron Valiant|
|poke|p1|Ogerpon-Wellspring, F|
|poke|p1|Dragonite, F|
|poke|p2|Ursaluna, F|
|poke|p2|Alomomola, M|
|poke|p2|Sinistcha|
|poke|p2|Iron Treads|
|poke|p2|Iron Valiant|
|poke|p2|Hydreigon, M|
|teampreview
|inactive|Battle timer is ON: inactive players will automatically lose when time's up. (requested by suprya)
|
|t:|1781035200
|teamsize|p1|6
|teamsize|p2|6
|start
|switch|p1a: Ting-Lu|Ting-Lu|100/100
|switch|p2a: Iron Valiant|Iron Valiant|100/100
|-ability|p1a: Ting-Lu|Vessel of Ruin
|turn|1
|
|t:|1781035204
|move|p2a: Iron Valiant|Moonblast|p1a: Ting-Lu
|-supereffective|p1a: Ting-Lu
|-damage|p1a: Ting-Lu|24/100
|-unboost|p1a: Ting-Lu|spa|1
|move|p1a: Ting-Lu|Heavy Slam|p2a: Iron Valiant
|-supereffective|p2a: Iron Valiant
|-damage|p2a: Iron Valiant|25/100
|
|upkeep
|turn|2
|-enditem|p1a: Ting-Lu|Custap Berry|[eat]
|-activate|p1a: Ting-Lu|item: Custap Berry|[consumed]
|
|t:|1781035226
|move|p1a: Ting-Lu|Spikes|p2a: Iron Valiant
|-sidestart|p2: suprya|Spikes
|move|p2a: Iron Valiant|Moonblast|p1a: Ting-Lu
|-supereffective|p1a: Ting-Lu
|-damage|p1a: Ting-Lu|0 fnt
|faint|p1a: Ting-Lu
|
|upkeep
|
|t:|1781035232
|switch|p1a: Glimmora|Glimmora, M|100/100
|turn|3
|
|t:|1781035238
|-end|p2a: Iron Valiant|Quark Drive|[silent]
|switch|p2a: Iron Treads|Iron Treads|100/100
|-damage|p2a: Iron Treads|88/100|[from] Spikes
|move|p1a: Glimmora|Earth Power|p2a: Iron Treads
|-supereffective|p2a: Iron Treads
|-damage|p2a: Iron Treads|46/100
|
|-heal|p2a: Iron Treads|52/100|[from] item: Leftovers
|upkeep
|turn|4
|
|t:|1781035246
|switch|p1a: Gholdengo|Gholdengo|100/100
|-item|p1a: Gholdengo|Air Balloon
|move|p2a: Iron Treads|Earthquake|p1a: Gholdengo
|-immune|p1a: Gholdengo
|
|-heal|p2a: Iron Treads|58/100|[from] item: Leftovers
|upkeep
|turn|5
|
|t:|1781035254
|switch|p1a: Ogerpon|Ogerpon-Wellspring, F|100/100
|move|p2a: Iron Treads|Knock Off|p1a: Ogerpon
|-damage|p1a: Ogerpon|78/100
|
|-heal|p2a: Iron Treads|64/100|[from] item: Leftovers
|upkeep
|turn|6
|j| 0CarpetBombMoscow
|
|t:|1781035264
|-end|p2a: Iron Treads|Quark Drive|[silent]
|switch|p2a: Sinistcha|Sinistcha|100/100
|move|p1a: Ogerpon|Ivy Cudgel|p2a: Sinistcha|[anim] Ivy Cudgel Water
|-resisted|p2a: Sinistcha
|-damage|p2a: Sinistcha|77/100
|
|upkeep
|turn|7
|
|t:|1781035274
|move|p1a: Ogerpon|Knock Off|p2a: Sinistcha
|-supereffective|p2a: Sinistcha
|-damage|p2a: Sinistcha|23/100
|-enditem|p2a: Sinistcha|Heavy-Duty Boots|[from] move: Knock Off|[of] p1a: Ogerpon
|move|p2a: Sinistcha|Shadow Ball|p1a: Ogerpon
|-damage|p1a: Ogerpon|41/100
|
|upkeep
|turn|8
|inactive|suprya has 120 seconds left.
|
|t:|1781035313
|move|p1a: Ogerpon|Knock Off|p2a: Sinistcha
|-supereffective|p2a: Sinistcha
|-damage|p2a: Sinistcha|0 fnt
|faint|p2a: Sinistcha
|
|upkeep
|
|t:|1781035315
|switch|p2a: Hydreigon|Hydreigon, M|100/100
|turn|9
|
|t:|1781035327
|move|p2a: Hydreigon|U-turn|p1a: Ogerpon
|-supereffective|p1a: Ogerpon
|-damage|p1a: Ogerpon|0 fnt
|faint|p1a: Ogerpon
|inactive|suprya has 120 seconds left.
|
|t:|1781035368
|switch|p2a: Alomomola|Alomomola, M|100/100|[from] U-turn
|-damage|p2a: Alomomola|88/100|[from] Spikes
|
|upkeep
|
|t:|1781035376
|switch|p1a: Iron Valiant|Iron Valiant|100/100
|-enditem|p1a: Iron Valiant|Booster Energy
|-activate|p1a: Iron Valiant|ability: Quark Drive|[fromitem]
|-start|p1a: Iron Valiant|quarkdrivespe
|turn|10
|
|t:|1781035383
|move|p1a: Iron Valiant|Knock Off|p2a: Alomomola
|-damage|p2a: Alomomola|71/100
|-damage|p1a: Iron Valiant|84/100|[from] item: Rocky Helmet|[of] p2a: Alomomola
|-enditem|p2a: Alomomola|Rocky Helmet|[from] move: Knock Off|[of] p1a: Iron Valiant
|move|p2a: Alomomola|Flip Turn|p1a: Iron Valiant
|-damage|p1a: Iron Valiant|63/100
|
|t:|1781035398
|switch|p2a: Iron Treads|Iron Treads|64/100|[from] Flip Turn
|-damage|p2a: Iron Treads|52/100|[from] Spikes
|
|-heal|p2a: Iron Treads|58/100|[from] item: Leftovers
|upkeep
|turn|11
|j| testingrainteam1
|
|t:|1781035411
|-terastallize|p2a: Iron Treads|Ghost
|move|p1a: Iron Valiant|Close Combat|p2a: Iron Treads
|-immune|p2a: Iron Treads
|move|p2a: Iron Treads|Rapid Spin|p1a: Iron Valiant
|-damage|p1a: Iron Valiant|47/100
|-boost|p2a: Iron Treads|spe|1
|-sideend|p2: suprya|Spikes|[from] move: Rapid Spin|[of] p2a: Iron Treads
|
|-heal|p2a: Iron Treads|64/100|[from] item: Leftovers
|upkeep
|turn|12
|l| testingrainteam1
|
|t:|1781035419
|move|p1a: Iron Valiant|Knock Off|p2a: Iron Treads
|-supereffective|p2a: Iron Treads
|-damage|p2a: Iron Treads|22/100
|-enditem|p2a: Iron Treads|Leftovers|[from] move: Knock Off|[of] p1a: Iron Valiant
|move|p2a: Iron Treads|Earthquake|p1a: Iron Valiant
|-damage|p1a: Iron Valiant|0 fnt
|faint|p1a: Iron Valiant
|-end|p1a: Iron Valiant|Quark Drive|[silent]
|
|upkeep
|
|t:|1781035448
|switch|p1a: Gholdengo|Gholdengo|100/100
|-item|p1a: Gholdengo|Air Balloon
|turn|13
|
|t:|1781035453
|move|p2a: Iron Treads|Knock Off|p1a: Gholdengo
|-supereffective|p1a: Gholdengo
|-damage|p1a: Gholdengo|50/100
|-enditem|p1a: Gholdengo|Air Balloon
|move|p1a: Gholdengo|Shadow Ball|p2a: Iron Treads
|-supereffective|p2a: Iron Treads
|-damage|p2a: Iron Treads|0 fnt
|faint|p2a: Iron Treads
|-end|p2a: Iron Treads|Quark Drive|[silent]
|
|upkeep
|
|t:|1781035460
|switch|p2a: Hydreigon|Hydreigon, M|100/100
|turn|14
|
|t:|1781035482
|move|p2a: Hydreigon|Dark Pulse|p1a: Gholdengo
|-supereffective|p1a: Gholdengo
|-crit|p1a: Gholdengo
|-damage|p1a: Gholdengo|0 fnt
|faint|p1a: Gholdengo
|
|upkeep
|
|t:|1781035484
|switch|p1a: Dragonite|Dragonite, F|100/100
|turn|15
|
|t:|1781035490
|switch|p2a: Alomomola|Alomomola, M|100/100
|move|p1a: Dragonite|Dragon Dance|p1a: Dragonite
|-boost|p1a: Dragonite|atk|1
|-boost|p1a: Dragonite|spe|1
|
|upkeep
|turn|16
|
|t:|1781035498
|move|p1a: Dragonite|Dragon Dance|p1a: Dragonite
|-boost|p1a: Dragonite|atk|1
|-boost|p1a: Dragonite|spe|1
|move|p2a: Alomomola|Tickle|p1a: Dragonite
|-unboost|p1a: Dragonite|atk|1
|-unboost|p1a: Dragonite|def|1
|
|upkeep
|turn|17
|
|t:|1781035504
|move|p1a: Dragonite|Dragon Dance|p1a: Dragonite
|-boost|p1a: Dragonite|atk|1
|-boost|p1a: Dragonite|spe|1
|move|p2a: Alomomola|Tickle|p1a: Dragonite
|-unboost|p1a: Dragonite|atk|1
|-unboost|p1a: Dragonite|def|1
|
|upkeep
|turn|18
|
|t:|1781035507
|move|p1a: Dragonite|Dragon Claw|p2a: Alomomola
|-damage|p2a: Alomomola|59/100
|move|p2a: Alomomola|Tickle|p1a: Dragonite
|-unboost|p1a: Dragonite|atk|1
|-unboost|p1a: Dragonite|def|1
|
|upkeep
|turn|19
|
|t:|1781035512
|move|p1a: Dragonite|Dragon Dance|p1a: Dragonite
|-boost|p1a: Dragonite|atk|1
|-boost|p1a: Dragonite|spe|1
|move|p2a: Alomomola|Tickle|p1a: Dragonite
|-unboost|p1a: Dragonite|atk|1
|-unboost|p1a: Dragonite|def|1
|
|upkeep
|turn|20
|
|t:|1781035517
|move|p1a: Dragonite|Dragon Claw|p2a: Alomomola
|-crit|p2a: Alomomola
|-damage|p2a: Alomomola|15/100
|move|p2a: Alomomola|Wish|p2a: Alomomola
|
|upkeep
|turn|21
|j| julie uwu 3
|
|t:|1781035530
|switch|p2a: Ursaluna|Ursaluna, F|100/100
|move|p1a: Dragonite|Dragon Dance|p1a: Dragonite
|-boost|p1a: Dragonite|atk|1
|-boost|p1a: Dragonite|spe|1
|
|-status|p2a: Ursaluna|brn|[from] item: Flame Orb
|upkeep
|turn|22
|
|t:|1781035536
|move|p1a: Dragonite|Dragon Claw|p2a: Ursaluna
|-damage|p2a: Ursaluna|47/100 brn
|move|p2a: Ursaluna|Facade|p1a: Dragonite
|-damage|p1a: Dragonite|0 fnt
|faint|p1a: Dragonite
|
|-damage|p2a: Ursaluna|41/100 brn|[from] brn
|upkeep
|-message|Capidaxter forfeited.
|
|win|suprya
|raw|Capidaxter's rating: 1736 &rarr; <strong>1714</strong><br />(-22 for losing)
|raw|suprya's rating: 1705 &rarr; <strong>1727</strong><br />(+22 for winning)
|l|☆Capidaxter
|player|p1|
|l|☆suprya
|player|p2|
