|badge|p2|bronze|gen9ou|100-9
|uhtml|medal-msg|<div class="broadcast-blue">Curious what those medals under the avatar are? PS now has Ladder Seasons! For more information, check out the <a href="https://www.smogon.com/forums/threads/3740067/">thread on Smogon.</a></div>
|j|☆Dat boii fam
|j|☆juli<33
|t:|1781110319
|gametype|singles
|player|p1|Dat boii fam|li|1784
|player|p2|juli<33|irida|1789
|gen|9
|tier|[Gen 9] OU
|rated|
|rule|HP Percentage Mod: HP is shown in percentages
|rule|Endless Battle Clause: Forcing endless battles is banned
|rule|Species Clause: Limit one of each Pokémon
|rule|OHKO Clause: OHKO moves are banned
|rule|Evasion Items Clause: Evasion items are banned
|rule|Evasion Moves Clause: Evasion moves are banned
|rule|Evasion Abilities Clause: Evasion abilities are banned
|rule|Sleep Moves Clause: Sleep-inducing moves are banned
|clearpoke
|poke|p1|Alomomola, M|
|poke|p1|Landorus-Therian, M|
|poke|p1|Zapdos|
|poke|p1|Tornadus-Therian, M|
|poke|p1|Scizor, M|
|poke|p1|Amoonguss, F|
|poke|p2|Great Tusk|
|poke|p2|Slowking-Galar, M|
|poke|p2|Corviknight, F|
|poke|p2|Clefable, F|
|poke|p2|Samurott-Hisui, M|
|poke|p2|Dragapult, F|
|teampreview
|inactive|Battle timer is ON: inactive players will automatically lose when time's up. (requested by Dat boii fam)
|
|t:|1781110337
|teamsize|p1|6
|teamsize|p2|6
|start
|switch|p1a: Landorus|Landorus-Therian, M|100/100
|switch|p2a: Bull's-eye|Dragapult, F|100/100
|-ability|p1a: Landorus|Intimidate|boost
|-fail|p2a: Bull's-eye|unboost|[from] ability: Clear Body|[of] p2a: Bull's-eye
|turn|1
|
|t:|1781110344
|switch|p1a: Amoonguss|Amoonguss, F|100/100
|move|p2a: Bull's-eye|Draco Meteor|p1a: Amoonguss
|-damage|p1a: Amoonguss|23/100
|-unboost|p2a: Bull's-eye|spa|2
|
|upkeep
|turn|2
|
|t:|1781110359
|switch|p2a: Voyageur|Corviknight, F|100/100
|-ability|p2a: Voyageur|Pressure
|switch|p1a: Scizor|Scizor, M|100/100
|
|upkeep
|turn|3
|
|t:|1781110366
|move|p1a: Scizor|Knock Off|p2a: Voyageur
|-damage|p2a: Voyageur|83/100
|-damage|p1a: Scizor|84/100|[from] item: Rocky Helmet|[of] p2a: Voyageur
|-enditem|p2a: Voyageur|Rocky Helmet|[from] move: Knock Off|[of] p1a: Scizor
|move|p2a: Voyageur|U-turn|p1a: Scizor
|-resisted|p1a: Scizor
|-damage|p1a: Scizor|76/100
|
|t:|1781110377
|switch|p2a: Bull's-eye|Dragapult, F|100/100|[from] U-turn
|
|upkeep
|turn|4
|
|t:|1781110381
|-terastallize|p2a: Bull's-eye|Ghost
|move|p2a: Bull's-eye|Shadow Ball|p1a: Scizor
|-damage|p1a: Scizor|13/100
|move|p1a: Scizor|Knock Off|p2a: Bull's-eye
|-supereffective|p2a: Bull's-eye
|-damage|p2a: Bull's-eye|21/100
|-enditem|p2a: Bull's-eye|Choice Specs|[from] move: Knock Off|[of] p1a: Scizor
|
|upkeep
|turn|5
|
|t:|1781110389
|switch|p2a: Voyageur|Corviknight, F|83/100
|-ability|p2a: Voyageur|Pressure
|move|p1a: Scizor|Bullet Punch|p2a: Voyageur
|-resisted|p2a: Voyageur
|-damage|p2a: Voyageur|75/100
|
|upkeep
|turn|6
|
|t:|1781110396
|switch|p1a: Alomomola|Alomomola, M|100/100
|move|p2a: Voyageur|U-turn|p1a: Alomomola
|-damage|p1a: Alomomola|92/100
|
|t:|1781110399
|switch|p2a: Bull's-eye|Dragapult, F, tera:Ghost|21/100|[from] U-turn
|
|upkeep
|turn|7
|
|t:|1781110406
|move|p2a: Bull's-eye|Thunderbolt|p1a: Alomomola
|-supereffective|p1a: Alomomola
|-damage|p1a: Alomomola|42/100
|move|p1a: Alomomola|Flip Turn|p2a: Bull's-eye
|-damage|p2a: Bull's-eye|0 fnt
|faint|p2a: Bull's-eye
|
|t:|1781110417
|switch|p1a: Landorus|Landorus-Therian, M|100/100|[from] Flip Turn
|
|upkeep
|
|t:|1781110425
|switch|p2a: P!nk|Clefable, F|100/100
|turn|8
|
|t:|1781110430
|move|p1a: Landorus|Earthquake|p2a: P!nk
|-damage|p2a: P!nk|56/100
|move|p2a: P!nk|Stealth Rock|p1a: Landorus
|-sidestart|p1: Dat boii fam|move: Stealth Rock
|
|-heal|p2a: P!nk|62/100|[from] item: Leftovers
|upkeep
|turn|9
|
|t:|1781110437
|move|p1a: Landorus|Earthquake|p2a: P!nk
|-damage|p2a: P!nk|11/100
|move|p2a: P!nk|Moonlight|p2a: P!nk
|-heal|p2a: P!nk|61/100
|
|-heal|p2a: P!nk|68/100|[from] item: Leftovers
|upkeep
|turn|10
|
|t:|1781110444
|move|p1a: Landorus|Earthquake|p2a: P!nk
|-damage|p2a: P!nk|20/100
|move|p2a: P!nk|Moonlight|p2a: P!nk
|-heal|p2a: P!nk|70/100
|
|-heal|p2a: P!nk|76/100|[from] item: Leftovers
|upkeep
|turn|11
|
|t:|1781110451
|move|p1a: Landorus|Earthquake|p2a: P!nk
|-damage|p2a: P!nk|29/100
|move|p2a: P!nk|Moonlight|p2a: P!nk
|-heal|p2a: P!nk|79/100
|
|-heal|p2a: P!nk|85/100|[from] item: Leftovers
|upkeep
|turn|12
|
|t:|1781110458
|move|p1a: Landorus|Earthquake|p2a: P!nk
|-crit|p2a: P!nk
|-damage|p2a: P!nk|14/100
|move|p2a: P!nk|Moonlight|p2a: P!nk
|-heal|p2a: P!nk|64/100
|
|-heal|p2a: P!nk|70/100|[from] item: Leftovers
|upkeep
|turn|13
|
|t:|1781110466
|switch|p2a: Voyageur|Corviknight, F|75/100
|-ability|p2a: Voyageur|Pressure
|move|p1a: Landorus|Earthquake|p2a: Voyageur
|-immune|p2a: Voyageur
|
|upkeep
|turn|14
|
|t:|1781110473
|switch|p1a: Zapdos|Zapdos|100/100
|move|p2a: Voyageur|U-turn|p1a: Zapdos
|-resisted|p1a: Zapdos
|-damage|p1a: Zapdos|93/100
|-status|p2a: Voyageur|par|[from] ability: Static|[of] p1a: Zapdos
|
|t:|1781110477
|switch|p2a: Alchemist|Slowking-Galar, M|100/100|[from] U-turn
|
|upkeep
|turn|15
|
|t:|1781110497
|switch|p1a: Alomomola|Alomomola, M|75/100
|move|p2a: Alchemist|Ice Beam|p1a: Alomomola
|-resisted|p1a: Alomomola
|-damage|p1a: Alomomola|62/100
|
|upkeep
|turn|16
|
|t:|1781110504
|move|p1a: Alomomola|Flip Turn|p2a: Alchemist
|-damage|p2a: Alchemist|83/100
|
|t:|1781110508
|switch|p1a: Landorus|Landorus-Therian, M|100/100|[from] Flip Turn
|-damage|p1a: Landorus|88/100|[from] Stealth Rock
|-ability|p1a: Landorus|Intimidate|boost
|-unboost|p2a: Alchemist|atk|1
|move|p2a: Alchemist|Sludge Bomb|p1a: Landorus
|-resisted|p1a: Landorus
|-damage|p1a: Landorus|59/100
|
|upkeep
|turn|17
|
|t:|1781110516
|switch|p2a: Voyageur|Corviknight, F|75/100 par
|-ability|p2a: Voyageur|Pressure
|move|p1a: Landorus|U-turn|p2a: Voyageur
|-resisted|p2a: Voyageur
|-damage|p2a: Voyageur|70/100 par
|
|t:|1781110523
|switch|p1a: Tornadus|Tornadus-Therian, M|100/100|[from] U-turn
|
|upkeep
|turn|18
|
|t:|1781110527
|switch|p2a: Alchemist|Slowking-Galar, M|100/100
|move|p1a: Tornadus|Nasty Plot|p1a: Tornadus
|-boost|p1a: Tornadus|spa|2
|
|upkeep
|turn|19
|
|t:|1781110533
|move|p1a: Tornadus|Dark Pulse|p2a: Alchemist
|-supereffective|p2a: Alchemist
|-damage|p2a: Alchemist|53/100
|move|p2a: Alchemist|Ice Beam|p1a: Tornadus
|-supereffective|p1a: Tornadus
|-damage|p1a: Tornadus|36/100
|
|upkeep
|turn|20
|
|t:|1781110543
|move|p1a: Tornadus|Dark Pulse|p2a: Alchemist
|-supereffective|p2a: Alchemist
|-damage|p2a: Alchemist|4/100
|move|p2a: Alchemist|Ice Beam|p1a: Tornadus
|-supereffective|p1a: Tornadus
|-damage|p1a: Tornadus|0 fnt
|faint|p1a: Tornadus
|
|upkeep
|
|t:|1781110555
|switch|p1a: Zapdos|Zapdos|93/100
|turn|21
|
|t:|1781110561
|switch|p2a: Loxodonta|Great Tusk|100/100
|move|p1a: Zapdos|Hurricane|p2a: Loxodonta
|-supereffective|p2a: Loxodonta
|-damage|p2a: Loxodonta|0 fnt
|faint|p2a: Loxodonta
|-end|p2a: Loxodonta|Protosynthesis|[silent]
|
|upkeep
|
|t:|1781110567
|switch|p2a: P!nk|Clefable, F|70/100
|turn|22
|
|t:|1781110569
|move|p1a: Zapdos|Hurricane|p2a: P!nk
|-damage|p2a: P!nk|12/100
|-start|p2a: P!nk|confusion
|-activate|p2a: P!nk|confusion
|move|p2a: P!nk|Knock Off|p1a: Zapdos
|-damage|p1a: Zapdos|79/100
|-enditem|p1a: Zapdos|Heavy-Duty Boots|[from] move: Knock Off|[of] p2a: P!nk
|
|-heal|p2a: P!nk|18/100|[from] item: Leftovers
|upkeep
|turn|23
|
|t:|1781110578
|move|p1a: Zapdos|Discharge|p2a: P!nk
|-damage|p2a: P!nk|0 fnt
|faint|p2a: P!nk
|
|upkeep
|
|t:|1781110580
|switch|p2a: Alchemist|Slowking-Galar, M|37/100
|turn|24
|
|t:|1781110584
|move|p1a: Zapdos|Hurricane|p2a: Alchemist
|-damage|p2a: Alchemist|9/100
|move|p2a: Alchemist|Ice Beam|p1a: Zapdos
|-supereffective|p1a: Zapdos
|-damage|p1a: Zapdos|28/100
|
|upkeep
|turn|25
|
|t:|1781110590
|switch|p2a: Jack|Samurott-Hisui, M|100/100
|move|p1a: Zapdos|Discharge|p2a: Jack
|-supereffective|p2a: Jack
|-damage|p2a: Jack|0 fnt
|faint|p2a: Jack
|
|upkeep
|
|t:|1781110592
|switch|p2a: Alchemist|Slowking-Galar, M|42/100
|turn|26
|
|t:|1781110605
|move|p1a: Zapdos|Roost|p1a: Zapdos
|-heal|p1a: Zapdos|78/100
|-singleturn|p1a: Zapdos|move: Roost
|move|p2a: Alchemist|Ice Beam|p1a: Zapdos
|-damage|p1a: Zapdos|54/100
|
|upkeep
|turn|27
|
|t:|1781110612
|move|p1a: Zapdos|Hurricane|p2a: Alchemist
|-damage|p2a: Alchemist|14/100
|-start|p2a: Alchemist|confusion
|-activate|p2a: Alchemist|confusion
|move|p2a: Alchemist|Sludge Bomb|p1a: Zapdos
|-damage|p1a: Zapdos|14/100
|
|upkeep
|turn|28
|-message|juli<33 forfeited.
|
|win|Dat boii fam
|raw|Dat boii fam's rating: 1784 &rarr; <strong>1804</strong><br />(+20 for winning)
|raw|juli&lt;33's rating: 1789 &rarr; <strong>1769</strong><br />(-20 for losing)
|l|☆juli<33
|player|p2|
|j| reginalda2nd
|l|☆Dat boii fam
|player|p1|
|l| reginalda2nd
