|j|☆Yujiro-Jamon
|j|☆Mr.X&Y97
|t:|1781141871
|gametype|singles
|player|p1|Yujiro-Jamon|alder|1532
|player|p2|Mr.X&Y97|ingo|1580
|gen|9
|tier|[Gen 9] OU
|rated|
|rule|HP Percentage Mod: HP is shown in percentages
|rule|Endless Battle Clause: Forcing endless battles is banned
|rule|Species Clause: Limit one of each Pokémon
|rule|OHKO Clause: OHKO moves are banned
|rule|Evasion Items Clause: Evasion items are banned
|rule|Evasion Moves Clause: Evasion moves are banned
|rule|Evasion Abilities Clause: Evasion abilities are banned
|rule|Sleep Moves Clause: Sleep-inducing moves are banned
|clearpoke
|poke|p1|Deoxys-Speed|
|poke|p1|Clefable, M|
|poke|p1|Conkeldurr, M|
|poke|p1|Blaziken, F|
|poke|p1|Ting-Lu|
|poke|p1|Corviknight, F|
|poke|p2|Indeedee, M|
|poke|p2|Armarouge, F|
|poke|p2|Hatterene, F|
|poke|p2|Hawlucha, F|
|poke|p2|Maushold|
|poke|p2|Polteageist|
|teampreview
|inactive|Battle timer is ON: inactive players will automatically lose when time's up. (requested by Mr.X&Y97)
|
|t:|1781141889
|teamsize|p1|6
|teamsize|p2|6
|start
|switch|p1a: Conkeldurr|Conkeldurr, M|100/100
|switch|p2a: Indeedee|Indeedee, M|100/100
|-fieldstart|move: Psychic Terrain|[from] ability: Psychic Surge|[of] p2a: Indeedee
|turn|1
|inactive|Yujiro-Jamon has 120 seconds left.
|
|t:|1781141922
|switch|p2a: Armarouge|Armarouge, F|100/100
|-terastallize|p1a: Conkeldurr|Dark
|move|p1a: Conkeldurr|Knock Off|p2a: Armarouge
|-supereffective|p2a: Armarouge
|-damage|p2a: Armarouge|0 fnt
|-enditem|p2a: Armarouge|Weakness Policy|[from] move: Knock Off|[of] p1a: Conkeldurr
|faint|p2a: Armarouge
|
|upkeep
|
|t:|1781141935
|switch|p2a: Hawlucha|Hawlucha, F|100/100
|-enditem|p2a: Hawlucha|Psychic Seed
|-boost|p2a: Hawlucha|spd|1|[from] item: Psychic Seed
|turn|2
|
|t:|1781141940
|switch|p1a: Clefable|Clefable, M|100/100
|move|p2a: Hawlucha|Swords Dance|p2a: Hawlucha
|-boost|p2a: Hawlucha|atk|2
|
|upkeep
|turn|3
|
|t:|1781141943
|-terastallize|p2a: Hawlucha|Steel
|move|p2a: Hawlucha|Acrobatics|p1a: Clefable
|-damage|p1a: Clefable|48/100
|move|p1a: Clefable|Moonblast|p2a: Hawlucha
|-resisted|p2a: Hawlucha
|-damage|p2a: Hawlucha|79/100
|
|-heal|p1a: Clefable|54/100|[from] item: Leftovers
|upkeep
|turn|4
|
|t:|1781141958
|move|p1a: Clefable|Protect|p1a: Clefable
|-singleturn|p1a: Clefable|Protect
|move|p2a: Hawlucha|Encore|p1a: Clefable
|-activate|p1a: Clefable|move: Protect
|
|-heal|p1a: Clefable|60/100|[from] item: Leftovers
|upkeep
|turn|5
|
|t:|1781141962
|switch|p1a: Corviknight|Corviknight, F|100/100
|move|p2a: Hawlucha|Swords Dance|p2a: Hawlucha
|-boost|p2a: Hawlucha|atk|2
|
|upkeep
|turn|6
|
|t:|1781141973
|move|p2a: Hawlucha|Close Combat|p1a: Corviknight
|-damage|p1a: Corviknight|0 fnt
|-unboost|p2a: Hawlucha|def|1
|-unboost|p2a: Hawlucha|spd|1
|-damage|p2a: Hawlucha|63/100|[from] item: Rocky Helmet|[of] p1a: Corviknight
|faint|p1a: Corviknight
|
|upkeep
|
|t:|1781141988
|switch|p1a: Clefable|Clefable, M|60/100
|turn|7
|
|t:|1781141991
|move|p1a: Clefable|Protect|p1a: Clefable
|-singleturn|p1a: Clefable|Protect
|move|p2a: Hawlucha|Acrobatics|p1a: Clefable
|-activate|p1a: Clefable|move: Protect
|
|-heal|p1a: Clefable|66/100|[from] item: Leftovers
|upkeep
|turn|8
|
|t:|1781142001
|move|p2a: Hawlucha|Acrobatics|p1a: Clefable
|-damage|p1a: Clefable|6/100
|move|p1a: Clefable|Moonblast|p2a: Hawlucha
|-resisted|p2a: Hawlucha
|-damage|p2a: Hawlucha|39/100
|
|-heal|p1a: Clefable|12/100|[from] item: Leftovers
|-fieldend|move: Psychic Terrain
|upkeep
|turn|9
|
|t:|1781142006
|move|p2a: Hawlucha|Close Combat|p1a: Clefable
|-resisted|p1a: Clefable
|-damage|p1a: Clefable|0 fnt
|-unboost|p2a: Hawlucha|def|1
|-unboost|p2a: Hawlucha|spd|1
|faint|p1a: Clefable
|
|upkeep
|
|t:|1781142009
|switch|p1a: Conkeldurr|Conkeldurr, M, tera:Dark|100/100
|turn|10
|
|t:|1781142018
|move|p1a: Conkeldurr|Mach Punch|p2a: Hawlucha
|-supereffective|p2a: Hawlucha
|-damage|p2a: Hawlucha|0 fnt
|faint|p2a: Hawlucha
|
|upkeep
|
|t:|1781142024
|switch|p2a: Indeedee|Indeedee, M|100/100
|-fieldstart|move: Psychic Terrain|[from] ability: Psychic Surge|[of] p2a: Indeedee
|turn|11
|
|t:|1781142030
|switch|p2a: Polteageist|Polteageist|100/100
|move|p1a: Conkeldurr|Knock Off|p2a: Polteageist
|-supereffective|p2a: Polteageist
|-enditem|p2a: Polteageist|Focus Sash
|-damage|p2a: Polteageist|1/100
|-ability|p2a: Polteageist|Weak Armor|boost
|-unboost|p2a: Polteageist|def|1
|-boost|p2a: Polteageist|spe|2
|
|upkeep
|turn|12
|
|t:|1781142060
|move|p2a: Polteageist|Will-O-Wisp|p1a: Conkeldurr
|-status|p1a: Conkeldurr|brn
|move|p1a: Conkeldurr|Knock Off|p2a: Polteageist
|-supereffective|p2a: Polteageist
|-damage|p2a: Polteageist|0 fnt
|faint|p2a: Polteageist
|
|-damage|p1a: Conkeldurr|94/100 brn|[from] brn
|upkeep
|
|t:|1781142066
|switch|p2a: Maushold|Maushold|100/100
|turn|13
|
|t:|1781142072
|switch|p1a: Ting-Lu|Ting-Lu|100/100
|-ability|p1a: Ting-Lu|Vessel of Ruin
|move|p2a: Maushold|Population Bomb|p1a: Ting-Lu
|-damage|p1a: Ting-Lu|95/100
|-damage|p1a: Ting-Lu|89/100
|-damage|p1a: Ting-Lu|84/100
|-damage|p1a: Ting-Lu|78/100
|-damage|p1a: Ting-Lu|73/100
|-damage|p1a: Ting-Lu|67/100
|-damage|p1a: Ting-Lu|62/100
|-damage|p1a: Ting-Lu|56/100
|-damage|p1a: Ting-Lu|51/100
|-damage|p1a: Ting-Lu|46/100
|-hitcount|p1a: Ting-Lu|10
|
|-heal|p1a: Ting-Lu|52/100|[from] item: Leftovers
|upkeep
|turn|14
|
|t:|1781142089
|move|p2a: Maushold|Tidy Up|p2a: Maushold
|-boost|p2a: Maushold|atk|1
|-boost|p2a: Maushold|spe|1
|move|p1a: Ting-Lu|Earthquake|p2a: Maushold
|-damage|p2a: Maushold|39/100
|
|-heal|p1a: Ting-Lu|59/100|[from] item: Leftovers
|upkeep
|turn|15
|
|t:|1781142095
|move|p2a: Maushold|Population Bomb|p1a: Ting-Lu
|-damage|p1a: Ting-Lu|51/100
|-damage|p1a: Ting-Lu|43/100
|-damage|p1a: Ting-Lu|35/100
|-damage|p1a: Ting-Lu|26/100
|-damage|p1a: Ting-Lu|17/100
|-damage|p1a: Ting-Lu|8/100
|-damage|p1a: Ting-Lu|0 fnt
|faint|p1a: Ting-Lu
|-hitcount|p1: Ting-Lu|7
|
|upkeep
|
|t:|1781142121
|switch|p1a: Blaziken|Blaziken, F|100/100
|turn|16
|
|t:|1781142124
|move|p1a: Blaziken|Protect|p1a: Blaziken
|-singleturn|p1a: Blaziken|Protect
|move|p2a: Maushold|Population Bomb|p1a: Blaziken
|-activate|p1a: Blaziken|move: Protect
|
|-ability|p1a: Blaziken|Speed Boost|boost
|-boost|p1a: Blaziken|spe|1
|upkeep
|turn|17
|
|t:|1781142134
|move|p1a: Blaziken|Protect||[still]
|-fail|p1a: Blaziken
|move|p2a: Maushold|Population Bomb|p1a: Blaziken
|-damage|p1a: Blaziken|73/100
|-damage|p1a: Blaziken|48/100
|-damage|p1a: Blaziken|22/100
|-damage|p1a: Blaziken|0 fnt
|faint|p1a: Blaziken
|-hitcount|p1: Blaziken|4
|
|upkeep
|
|t:|1781142137
|switch|p1a: Deoxys|Deoxys-Speed|100/100
|-ability|p1a: Deoxys|Pressure
|turn|18
|
|t:|1781142142
|move|p2a: Maushold|Population Bomb|p1a: Deoxys
|-damage|p1a: Deoxys|81/100
|-damage|p1a: Deoxys|59/100
|-damage|p1a: Deoxys|38/100
|-damage|p1a: Deoxys|18/100
|-damage|p1a: Deoxys|0 fnt
|faint|p1a: Deoxys
|-hitcount|p1: Deoxys|5
|
|-fieldend|move: Psychic Terrain
|upkeep
|
|t:|1781142143
|switch|p1a: Conkeldurr|Conkeldurr, M, tera:Dark|94/100 brn
|turn|19
|
|t:|1781142148
|switch|p2a: Indeedee|Indeedee, M|100/100
|-fieldstart|move: Psychic Terrain|[from] ability: Psychic Surge|[of] p2a: Indeedee
|move|p1a: Conkeldurr|Mach Punch|p2a: Indeedee
|-activate|p2a: Indeedee|move: Psychic Terrain
|
|-damage|p1a: Conkeldurr|88/100 brn|[from] brn
|upkeep
|turn|20
|
|t:|1781142151
|move|p2a: Indeedee|Encore|p1a: Conkeldurr
|-start|p1a: Conkeldurr|Encore
|move|p1a: Conkeldurr|Mach Punch|p2a: Indeedee
|-damage|p2a: Indeedee|35/100
|
|-damage|p1a: Conkeldurr|82/100 brn|[from] brn
|upkeep
|turn|21
|
|t:|1781142159
|move|p1a: Conkeldurr|Mach Punch|p2a: Indeedee
|-activate|p2a: Indeedee|move: Psychic Terrain
|move|p2a: Indeedee|Dazzling Gleam|p1a: Conkeldurr
|-supereffective|p1a: Conkeldurr
|-damage|p1a: Conkeldurr|51/100 brn
|
|-damage|p1a: Conkeldurr|45/100 brn|[from] brn
|upkeep
|turn|22
|
|t:|1781142165
|move|p1a: Conkeldurr|Mach Punch|p2a: Indeedee
|-activate|p2a: Indeedee|move: Psychic Terrain
|move|p2a: Indeedee|Dazzling Gleam|p1a: Conkeldurr
|-supereffective|p1a: Conkeldurr
|-damage|p1a: Conkeldurr|13/100 brn
|
|-damage|p1a: Conkeldurr|7/100 brn|[from] brn
|-end|p1a: Conkeldurr|Encore
|upkeep
|turn|23
|-message|Yujiro-Jamon forfeited.
|
|win|Mr.X&Y97
|raw|Yujiro-Jamon's rating: 1532 &rarr; <strong>1515</strong><br />(-17 for losing)
|raw|Mr.X&amp;Y97's rating: 1580 &rarr; <strong>1597</strong><br />(+17 for winning)
|l|☆Yujiro-Jamon
|player|p1|
