|j|☆1200s chud
|j|☆hyp4roffender
|t:|1780982402
|gametype|singles
|player|p1|1200s chud|preschooler|1694
|player|p2|hyp4roffender|266|1659
|gen|9
|tier|[Gen 9] OU
|rated|
|rule|HP Percentage Mod: HP is shown in percentages
|rule|Endless Battle Clause: Forcing endless battles is banned
|rule|Species Clause: Limit one of each Pokémon
|rule|OHKO Clause: OHKO moves are banned
|rule|Evasion Items Clause: Evasion items are banned
|rule|Evasion Moves Clause: Evasion moves are banned
|rule|Evasion Abilities Clause: Evasion abilities are banned
|rule|Sleep Moves Clause: Sleep-inducing moves are banned
|clearpoke
|poke|p1|Iron Thorns|
|poke|p1|Ribombee, F|
|poke|p1|Gholdengo|
|poke|p1|Ceruledge, F|
|poke|p1|Ursaluna, M|
|poke|p1|Great Tusk|
|poke|p2|Dragapult, M|
|poke|p2|Gliscor, F|
|poke|p2|Ogerpon-Wellspring, F|
|poke|p2|Iron Crown|
|poke|p2|Ting-Lu|
|poke|p2|Kingambit, M|
|teampreview
|inactive|Battle timer is ON: inactive players will automatically lose when time's up. (requested by 1200s chud)
|
|t:|1780982423
|teamsize|p1|6
|teamsize|p2|6
|start
|switch|p1a: Mr.EnjoyDaDances|Iron Thorns|100/100
|switch|p2a: Gliscor|Gliscor, F|100/100
|-enditem|p1a: Mr.EnjoyDaDances|Booster Energy
|-activate|p1a: Mr.EnjoyDaDances|ability: Quark Drive|[fromitem]
|-start|p1a: Mr.EnjoyDaDances|quarkdriveatk
|turn|1
|
|t:|1780982430
|move|p1a: Mr.EnjoyDaDances|Ice Punch|p2a: Gliscor
|-supereffective|p2a: Gliscor
|-damage|p2a: Gliscor|0 fnt
|faint|p2a: Gliscor
|
|upkeep
|
|t:|1780982436
|switch|p2a: Ting-Lu|Ting-Lu|100/100
|-ability|p2a: Ting-Lu|Vessel of Ruin
|turn|2
|
|t:|1780982444
|move|p1a: Mr.EnjoyDaDances|Low Kick|p2a: Ting-Lu
|-supereffective|p2a: Ting-Lu
|-damage|p2a: Ting-Lu|34/100
|-damage|p1a: Mr.EnjoyDaDances|84/100|[from] item: Rocky Helmet|[of] p2a: Ting-Lu
|move|p2a: Ting-Lu|Taunt|p1a: Mr.EnjoyDaDances
|-start|p1a: Mr.EnjoyDaDances|move: Taunt
|
|upkeep
|turn|3
|
|t:|1780982455
|switch|p2a: Ogerpon|Ogerpon-Wellspring, F|100/100
|move|p1a: Mr.EnjoyDaDances|Ice Punch|p2a: Ogerpon
|-damage|p2a: Ogerpon|52/100
|
|upkeep
|turn|4
|
|t:|1780982460
|-end|p1a: Mr.EnjoyDaDances|Quark Drive|[silent]
|switch|p1a: SupremeClientele|Ribombee, F|100/100
|move|p2a: Ogerpon|Ivy Cudgel|p1a: SupremeClientele|[anim] Ivy Cudgel Water
|-enditem|p1a: SupremeClientele|Focus Sash
|-damage|p1a: SupremeClientele|1/100
|
|upkeep
|turn|5
|
|t:|1780982468
|move|p1a: SupremeClientele|Sticky Web|p2a: Ogerpon
|-sidestart|p2: hyp4roffender|move: Sticky Web
|move|p2a: Ogerpon|U-turn|p1a: SupremeClientele
|-resisted|p1a: SupremeClientele
|-damage|p1a: SupremeClientele|0 fnt
|faint|p1a: SupremeClientele
|j| euphoricpoptarts
|
|t:|1780982488
|switch|p2a: Ting-Lu|Ting-Lu|34/100|[from] U-turn
|-activate|p2a: Ting-Lu|move: Sticky Web
|-unboost|p2a: Ting-Lu|spe|1
|-ability|p2a: Ting-Lu|Vessel of Ruin
|
|upkeep
|
|t:|1780982501
|switch|p1a: Mr.EnjoyDaDances|Iron Thorns|84/100
|turn|6
|
|t:|1780982509
|move|p1a: Mr.EnjoyDaDances|Low Kick|p2a: Ting-Lu
|-supereffective|p2a: Ting-Lu
|-damage|p2a: Ting-Lu|0 fnt
|-damage|p1a: Mr.EnjoyDaDances|67/100|[from] item: Rocky Helmet|[of] p2a: Ting-Lu
|faint|p2a: Ting-Lu
|
|upkeep
|inactive|hyp4roffender has 120 seconds left.
|
|t:|1780982542
|switch|p2a: Dragapult|Dragapult, M|100/100
|turn|7
|l|☆1200s chud
|inactive|1200s chud disconnected and has a minute to reconnect!
|player|p1|
|inactive|hyp4roffender has 120 seconds left.
|j|☆1200s chud
|inactive|1200s chud reconnected and has 140 seconds left.
|player|p1|1200s chud|preschooler|
|
|t:|1780982556
|move|p2a: Dragapult|U-turn|p1a: Mr.EnjoyDaDances
|-damage|p1a: Mr.EnjoyDaDances|50/100
|
|t:|1780982560
|switch|p2a: Ogerpon|Ogerpon-Wellspring, F|52/100|[from] U-turn
|-activate|p2a: Ogerpon|move: Sticky Web
|-unboost|p2a: Ogerpon|spe|1
|move|p1a: Mr.EnjoyDaDances|Ice Punch|p2a: Ogerpon
|-damage|p2a: Ogerpon|17/100
|
|upkeep
|turn|8
|
|t:|1780982565
|move|p1a: Mr.EnjoyDaDances|Ice Punch|p2a: Ogerpon
|-damage|p2a: Ogerpon|0 fnt
|faint|p2a: Ogerpon
|
|upkeep
|
|t:|1780982573
|switch|p2a: Dragapult|Dragapult, M|100/100
|turn|9
|
|t:|1780982580
|move|p2a: Dragapult|Dragon Darts|p1a: Mr.EnjoyDaDances
|-damage|p1a: Mr.EnjoyDaDances|31/100
|-anim|p2a: Dragapult|Dragon Darts|p1a: Mr.EnjoyDaDances
|-crit|p1a: Mr.EnjoyDaDances
|-damage|p1a: Mr.EnjoyDaDances|4/100
|move|p1a: Mr.EnjoyDaDances|Ice Punch|p2a: Dragapult
|-supereffective|p2a: Dragapult
|-damage|p2a: Dragapult|25/100
|-status|p2a: Dragapult|frz
|
|upkeep
|turn|10
|-message|hyp4roffender forfeited.
|
|win|1200s chud
|raw|1200s chud's rating: 1694 &rarr; <strong>1712</strong><br />(+18 for winning)
|raw|hyp4roffender's rating: 1659 &rarr; <strong>1641</strong><br />(-18 for losing)
|l|☆hyp4roffender
|player|p2|
|l|☆1200s chud
|player|p1|
|l| euphoricpoptarts
