|j|‽Cte plays
|j|☆bakerdrill
|t:|1781162132
|gametype|singles
|player|p1|Cte plays|brendan|1530
|player|p2|bakerdrill|169|1510
|gen|9
|tier|[Gen 9] OU
|rated|
|rule|HP Percentage Mod: HP is shown in percentages
|rule|Endless Battle Clause: Forcing endless battles is banned
|rule|Species Clause: Limit one of each Pokémon
|rule|OHKO Clause: OHKO moves are banned
|rule|Evasion Items Clause: Evasion items are banned
|rule|Evasion Moves Clause: Evasion moves are banned
|rule|Evasion Abilities Clause: Evasion abilities are banned
|rule|Sleep Moves Clause: Sleep-inducing moves are banned
|clearpoke
|poke|p1|Scizor, M|
|poke|p1|Kyurem|
|poke|p1|Primarina, M|
|poke|p1|Cinderace, F|
|poke|p1|Zapdos|
|poke|p1|Iron Valiant|
|poke|p2|Slowking-Galar, F|
|poke|p2|Cetitan, M|
|poke|p2|Dragapult, F|
|poke|p2|Great Tusk|
|poke|p2|Moltres|
|poke|p2|Samurott-Hisui, M|
|teampreview
|inactive|Battle timer is ON: inactive players will automatically lose when time's up. (requested by bakerdrill)
|
|t:|1781162160
|teamsize|p1|6
|teamsize|p2|6
|start
|switch|p1a: Primarina|Primarina, M|100/100
|switch|p2a: Great Tusk|Great Tusk|100/100
|turn|1
|
|t:|1781162168
|-end|p2a: Great Tusk|Protosynthesis|[silent]
|switch|p2a: Slowking|Slowking-Galar, F|100/100
|move|p1a: Primarina|Flip Turn|p2a: Slowking
|-damage|p2a: Slowking|85/100
|
|t:|1781162183
|switch|p1a: Cinderace|Cinderace, F|100/100|[from] Flip Turn
|
|upkeep
|turn|2
|
|t:|1781162189
|switch|p2a: Moltres|Moltres|100/100
|move|p1a: Cinderace|Pyro Ball|p2a: Moltres
|-resisted|p2a: Moltres
|-damage|p2a: Moltres|74/100
|
|upkeep
|turn|3
|
|t:|1781162209
|switch|p1a: Zapdos|Zapdos|100/100
|move|p2a: Moltres|U-turn|p1a: Zapdos
|-resisted|p1a: Zapdos
|-damage|p1a: Zapdos|95/100
|
|t:|1781162220
|switch|p2a: Slowking|Slowking-Galar, F|100/100|[from] U-turn
|
|upkeep
|turn|4
|
|t:|1781162226
|move|p1a: Zapdos|Volt Switch|p2a: Slowking
|-damage|p2a: Slowking|80/100
|
|t:|1781162237
|switch|p1a: Cinderace|Cinderace, F|100/100|[from] Volt Switch
|-prepare|p2a: Slowking|Chilly Reception|[premajor]
|move|p2a: Slowking|Chilly Reception|p2a: Slowking
|-weather|Snowscape
|
|t:|1781162242
|switch|p2a: Great Tusk|Great Tusk|100/100|[from] Chilly Reception
|
|-weather|Snowscape|[upkeep]
|upkeep
|turn|5
|
|t:|1781162249
|move|p1a: Cinderace|U-turn|p2a: Great Tusk
|-start|p1a: Cinderace|typechange|Bug|[from] ability: Libero
|-resisted|p2a: Great Tusk
|-damage|p2a: Great Tusk|88/100
|
|t:|1781162255
|switch|p1a: Zapdos|Zapdos|95/100|[from] U-turn
|move|p2a: Great Tusk|Stealth Rock|p1a: Zapdos
|-sidestart|p1: Cte plays|move: Stealth Rock
|
|-weather|Snowscape|[upkeep]
|-heal|p2a: Great Tusk|94/100|[from] item: Leftovers
|upkeep
|turn|6
|
|t:|1781162264
|-end|p2a: Great Tusk|Protosynthesis|[silent]
|switch|p2a: Slowking|Slowking-Galar, F|100/100
|move|p1a: Zapdos|Volt Switch|p2a: Slowking
|-damage|p2a: Slowking|77/100
|
|t:|1781162278
|switch|p1a: Cinderace|Cinderace, F|100/100|[from] Volt Switch
|
|-weather|Snowscape|[upkeep]
|upkeep
|turn|7
|
|t:|1781162283
|switch|p2a: Great Tusk|Great Tusk|94/100
|move|p1a: Cinderace|Court Change|p1a: Cinderace
|-start|p1a: Cinderace|typechange|Normal|[from] ability: Libero
|-swapsideconditions
|-activate|p1a: Cinderace|move: Court Change
|
|-weather|Snowscape|[upkeep]
|-heal|p2a: Great Tusk|100/100|[from] item: Leftovers
|upkeep
|turn|8
|
|t:|1781162293
|move|p1a: Cinderace|U-turn|p2a: Great Tusk
|-resisted|p2a: Great Tusk
|-damage|p2a: Great Tusk|92/100
|
|t:|1781162297
|switch|p1a: Zapdos|Zapdos|95/100|[from] U-turn
|move|p2a: Great Tusk|Stealth Rock|p1a: Zapdos
|-sidestart|p1: Cte plays|move: Stealth Rock
|
|-weather|Snowscape|[upkeep]
|-heal|p2a: Great Tusk|99/100|[from] item: Leftovers
|upkeep
|turn|9
|
|t:|1781162305
|-end|p2a: Great Tusk|Protosynthesis|[silent]
|switch|p2a: Slowking|Slowking-Galar, F|100/100
|-damage|p2a: Slowking|88/100|[from] Stealth Rock
|move|p1a: Zapdos|Volt Switch|p2a: Slowking
|-damage|p2a: Slowking|67/100
|
|t:|1781162315
|switch|p1a: Scizor|Scizor, M|100/100|[from] Volt Switch
|
|-weather|Snowscape|[upkeep]
|upkeep
|turn|10
|
|t:|1781162323
|switch|p2a: Moltres|Moltres|74/100
|move|p1a: Scizor|Knock Off|p2a: Moltres
|-damage|p2a: Moltres|38/100
|-status|p1a: Scizor|brn|[from] ability: Flame Body|[of] p2a: Moltres
|-enditem|p2a: Moltres|Heavy-Duty Boots|[from] move: Knock Off|[of] p1a: Scizor
|
|-weather|Snowscape|[upkeep]
|-damage|p1a: Scizor|94/100 brn|[from] brn
|upkeep
|turn|11
|
|t:|1781162336
|switch|p1a: Zapdos|Zapdos|95/100
|move|p2a: Moltres|Roost|p2a: Moltres
|-heal|p2a: Moltres|88/100
|-singleturn|p2a: Moltres|move: Roost
|
|-weather|none
|upkeep
|turn|12
|
|t:|1781162353
|switch|p2a: Great Tusk|Great Tusk|99/100
|-damage|p2a: Great Tusk|96/100|[from] Stealth Rock
|move|p1a: Zapdos|Volt Switch|p2a: Great Tusk
|-immune|p2a: Great Tusk
|
|-heal|p2a: Great Tusk|100/100|[from] item: Leftovers
|upkeep
|turn|13
|
|t:|1781162363
|move|p2a: Great Tusk|Rapid Spin|p1a: Zapdos
|-damage|p1a: Zapdos|79/100
|-boost|p2a: Great Tusk|spe|1
|-sideend|p2: bakerdrill|Stealth Rock|[from] move: Rapid Spin|[of] p2a: Great Tusk
|move|p1a: Zapdos|Hurricane|p2a: Great Tusk
|-supereffective|p2a: Great Tusk
|-crit|p2a: Great Tusk
|-damage|p2a: Great Tusk|0 fnt
|faint|p2a: Great Tusk
|-end|p2a: Great Tusk|Protosynthesis|[silent]
|
|upkeep
|
|t:|1781162376
|switch|p2a: Slowking|Slowking-Galar, F|99/100
|turn|14
|
|t:|1781162385
|move|p1a: Zapdos|Volt Switch|p2a: Slowking
|-damage|p2a: Slowking|80/100
|
|t:|1781162393
|switch|p1a: Cinderace|Cinderace, F|100/100|[from] Volt Switch
|-prepare|p2a: Slowking|Chilly Reception|[premajor]
|move|p2a: Slowking|Chilly Reception|p2a: Slowking
|-weather|Snowscape
|
|t:|1781162397
|switch|p2a: Cetitan|Cetitan, M|100/100|[from] Chilly Reception
|
|-weather|Snowscape|[upkeep]
|upkeep
|turn|15
|
|t:|1781162406
|move|p2a: Cetitan|Earthquake|p1a: Cinderace
|-supereffective|p1a: Cinderace
|-damage|p1a: Cinderace|6/100
|move|p1a: Cinderace|Pyro Ball|p2a: Cetitan
|-supereffective|p2a: Cetitan
|-damage|p2a: Cetitan|26/100
|-enditem|p2a: Cetitan|Sitrus Berry|[eat]
|-heal|p2a: Cetitan|51/100|[from] item: Sitrus Berry
|
|-weather|Snowscape|[upkeep]
|upkeep
|turn|16
|
|t:|1781162419
|move|p2a: Cetitan|Ice Spinner|p1a: Cinderace
|-resisted|p1a: Cinderace
|-crit|p1a: Cinderace
|-damage|p1a: Cinderace|0 fnt
|faint|p1a: Cinderace
|
|-weather|Snowscape|[upkeep]
|upkeep
|
|t:|1781162437
|switch|p1a: Primarina|Primarina, M|100/100
|turn|17
|
|t:|1781162445
|switch|p2a: Slowking|Slowking-Galar, F|100/100
|move|p1a: Primarina|Moonblast|p2a: Slowking
|-resisted|p2a: Slowking
|-damage|p2a: Slowking|87/100
|
|-weather|Snowscape|[upkeep]
|upkeep
|turn|18
|
|t:|1781162455
|switch|p1a: Scizor|Scizor, M|94/100 brn
|move|p2a: Slowking|Thunder Wave||[still]
|-fail|p2a: Slowking
|
|-weather|Snowscape|[upkeep]
|-damage|p1a: Scizor|88/100 brn|[from] brn
|upkeep
|turn|19
|
|t:|1781162464
|switch|p1a: Zapdos|Zapdos|79/100
|switch|p2a: Moltres|Moltres|88/100
|
|-weather|Snowscape|[upkeep]
|upkeep
|turn|20
|
|t:|1781162471
|switch|p2a: Slowking|Slowking-Galar, F|100/100
|move|p1a: Zapdos|Volt Switch|p2a: Slowking
|-damage|p2a: Slowking|80/100
|
|t:|1781162481
|switch|p1a: Kyurem|Kyurem|100/100|[from] Volt Switch
|-ability|p1a: Kyurem|Pressure
|
|-weather|Snowscape|[upkeep]
|upkeep
|turn|21
|
|t:|1781162493
|-terastallize|p1a: Kyurem|Dragon
|move|p1a: Kyurem|Scale Shot|p2a: Slowking
|-damage|p2a: Slowking|63/100
|-damage|p2a: Slowking|49/100
|-damage|p2a: Slowking|35/100
|-hitcount|p2a: Slowking|3
|-unboost|p1a: Kyurem|def|1
|-boost|p1a: Kyurem|spe|1
|move|p2a: Slowking|Psychic Noise|p1a: Kyurem
|-damage|p1a: Kyurem|69/100
|-start|p1a: Kyurem|move: Heal Block
|
|-weather|none
|upkeep
|turn|22
|inactive|bakerdrill has 120 seconds left.
|
|t:|1781162542
|move|p1a: Kyurem|Scale Shot|p2a: Slowking
|-damage|p2a: Slowking|20/100
|-damage|p2a: Slowking|4/100
|-damage|p2a: Slowking|0 fnt
|faint|p2a: Slowking
|-hitcount|p2: Slowking|3
|-unboost|p1a: Kyurem|def|1
|-boost|p1a: Kyurem|spe|1
|
|-end|p1a: Kyurem|move: Heal Block
|upkeep
|
|t:|1781162546
|switch|p2a: Dragapult|Dragapult, F|100/100
|turn|23
|
|t:|1781162568
|switch|p2a: Cetitan|Cetitan, M|51/100
|move|p1a: Kyurem|Ice Beam|p2a: Cetitan
|-resisted|p2a: Cetitan
|-damage|p2a: Cetitan|26/100
|
|upkeep
|turn|24
|
|t:|1781162578
|move|p2a: Cetitan|Ice Shard|p1a: Kyurem
|-supereffective|p1a: Kyurem
|-damage|p1a: Kyurem|0 fnt
|faint|p1a: Kyurem
|
|upkeep
|
|t:|1781162596
|switch|p1a: Primarina|Primarina, M|100/100
|turn|25
|
|t:|1781162604
|move|p2a: Cetitan|Earthquake|p1a: Primarina
|-damage|p1a: Primarina|50/100
|move|p1a: Primarina|Moonblast|p2a: Cetitan
|-damage|p2a: Cetitan|0 fnt
|faint|p2a: Cetitan
|
|upkeep
|
|t:|1781162618
|switch|p2a: Dragapult|Dragapult, F|100/100
|turn|26
|
|t:|1781162621
|-terastallize|p2a: Dragapult|Ghost
|move|p2a: Dragapult|Dragon Dance|p2a: Dragapult
|-boost|p2a: Dragapult|atk|1
|-boost|p2a: Dragapult|spe|1
|move|p1a: Primarina|Moonblast|p2a: Dragapult
|-damage|p2a: Dragapult|40/100
|
|upkeep
|turn|27
|inactive|bakerdrill has 120 seconds left.
|
|t:|1781162636
|move|p2a: Dragapult|Phantom Force||[still]
|-prepare|p2a: Dragapult|Phantom Force
|move|p1a: Primarina|Moonblast|p2a: Dragapult|[miss]
|-miss|p1a: Primarina|p2a: Dragapult
|
|upkeep
|turn|28
|
|t:|1781162643
|move|p2a: Dragapult|Phantom Force|p1a: Primarina|[from] lockedmove
|-damage|p1a: Primarina|0 fnt
|faint|p1a: Primarina
|
|upkeep
|
|t:|1781162651
|switch|p1a: Scizor|Scizor, M|88/100 brn
|turn|29
|
|t:|1781162657
|move|p1a: Scizor|Bullet Punch|p2a: Dragapult
|-crit|p2a: Dragapult
|-damage|p2a: Dragapult|4/100
|move|p2a: Dragapult|Phantom Force||[still]
|-prepare|p2a: Dragapult|Phantom Force
|
|-damage|p1a: Scizor|82/100 brn|[from] brn
|upkeep
|turn|30
|
|t:|1781162664
|move|p2a: Dragapult|Phantom Force|p1a: Scizor|[from] lockedmove
|-damage|p1a: Scizor|0 fnt
|faint|p1a: Scizor
|
|upkeep
|
|t:|1781162672
|switch|p1a: Zapdos|Zapdos|79/100
|turn|31
|
|t:|1781162682
|move|p2a: Dragapult|Dragon Darts|p1a: Zapdos
|-damage|p1a: Zapdos|41/100
|-anim|p2a: Dragapult|Dragon Darts|p1a: Zapdos
|-damage|p1a: Zapdos|5/100
|move|p1a: Zapdos|Volt Switch|p2a: Dragapult
|-damage|p2a: Dragapult|0 fnt
|faint|p2a: Dragapult
|
|t:|1781162691
|switch|p1a: Iron Valiant|Iron Valiant, shiny|100/100|[from] Volt Switch
|-damage|p1a: Iron Valiant|94/100|[from] Stealth Rock
|-enditem|p1a: Iron Valiant|Booster Energy
|-activate|p1a: Iron Valiant|ability: Quark Drive|[fromitem]
|-start|p1a: Iron Valiant|quarkdrivespe
|
|upkeep
|
|t:|1781162694
|switch|p2a: Moltres|Moltres|88/100
|turn|32
|
|t:|1781162701
|move|p1a: Iron Valiant|Calm Mind|p1a: Iron Valiant
|-boost|p1a: Iron Valiant|spa|1
|-boost|p1a: Iron Valiant|spd|1
|move|p2a: Moltres|Flamethrower|p1a: Iron Valiant
|-damage|p1a: Iron Valiant|42/100
|
|upkeep
|turn|33
|
|t:|1781162714
|move|p1a: Iron Valiant|Shadow Ball|p2a: Moltres
|-damage|p2a: Moltres|49/100
|move|p2a: Moltres|Roar|p1a: Iron Valiant
|-end|p1a: Iron Valiant|Quark Drive|[silent]
|drag|p1a: Zapdos|Zapdos|5/100
|
|upkeep
|turn|34
|
|t:|1781162725
|switch|p2a: Samurott|Samurott-Hisui, M|100/100
|move|p1a: Zapdos|Volt Switch|p2a: Samurott
|-supereffective|p2a: Samurott
|-damage|p2a: Samurott|9/100
|
|t:|1781162731
|switch|p1a: Iron Valiant|Iron Valiant, shiny|42/100|[from] Volt Switch
|-damage|p1a: Iron Valiant|36/100|[from] Stealth Rock
|
|upkeep
|turn|35
|
|t:|1781162737
|move|p1a: Iron Valiant|Moonblast|p2a: Samurott
|-supereffective|p2a: Samurott
|-damage|p2a: Samurott|0 fnt
|faint|p2a: Samurott
|
|upkeep
|
|t:|1781162739
|switch|p2a: Moltres|Moltres|49/100
|turn|36
|
|t:|1781162745
|move|p1a: Iron Valiant|Shadow Ball|p2a: Moltres
|-damage|p2a: Moltres|22/100
|move|p2a: Moltres|Roost|p2a: Moltres
|-heal|p2a: Moltres|72/100
|-singleturn|p2a: Moltres|move: Roost
|
|upkeep
|turn|37
|
|t:|1781162753
|move|p1a: Iron Valiant|Encore|p2a: Moltres
|-start|p2a: Moltres|Encore
|move|p2a: Moltres|Roost|p2a: Moltres
|-heal|p2a: Moltres|100/100
|-singleturn|p2a: Moltres|move: Roost
|
|upkeep
|turn|38
|
|t:|1781162760
|move|p1a: Iron Valiant|Calm Mind|p1a: Iron Valiant
|-boost|p1a: Iron Valiant|spa|1
|-boost|p1a: Iron Valiant|spd|1
|move|p2a: Moltres|Roost||[still]
|-fail|p2a: Moltres|heal
|
|upkeep
|turn|39
|
|t:|1781162789
|move|p1a: Iron Valiant|Calm Mind|p1a: Iron Valiant
|-boost|p1a: Iron Valiant|spa|1
|-boost|p1a: Iron Valiant|spd|1
|move|p2a: Moltres|Roost||[still]
|-fail|p2a: Moltres|heal
|
|-end|p2a: Moltres|Encore
|upkeep
|turn|40
|
|t:|1781162797
|move|p1a: Iron Valiant|Encore|p2a: Moltres
|-start|p2a: Moltres|Encore
|move|p2a: Moltres|Roost||[still]
|-fail|p2a: Moltres|heal
|
|upkeep
|turn|41
|
|t:|1781162804
|move|p1a: Iron Valiant|Calm Mind|p1a: Iron Valiant
|-boost|p1a: Iron Valiant|spa|1
|-boost|p1a: Iron Valiant|spd|1
|move|p2a: Moltres|Roost||[still]
|-fail|p2a: Moltres|heal
|
|upkeep
|turn|42
|
|t:|1781162810
|move|p1a: Iron Valiant|Shadow Ball|p2a: Moltres
|-damage|p2a: Moltres|37/100
|move|p2a: Moltres|Roost|p2a: Moltres
|-heal|p2a: Moltres|87/100
|-singleturn|p2a: Moltres|move: Roost
|
|-end|p2a: Moltres|Encore
|upkeep
|turn|43
|
|t:|1781162820
|move|p1a: Iron Valiant|Encore||[still]
|-fail|p1a: Iron Valiant
|move|p2a: Moltres|Flamethrower|p1a: Iron Valiant
|-damage|p1a: Iron Valiant|3/100
|-status|p1a: Iron Valiant|brn
|
|-damage|p1a: Iron Valiant|0 fnt|[from] brn
|faint|p1a: Iron Valiant
|-end|p1a: Iron Valiant|Quark Drive|[silent]
|upkeep
|
|t:|1781162830
|switch|p1a: Zapdos|Zapdos|5/100
|turn|44
|
|t:|1781162833
|move|p1a: Zapdos|Volt Switch|p2a: Moltres
|-supereffective|p2a: Moltres
|-damage|p2a: Moltres|8/100
|move|p2a: Moltres|Flamethrower|p1a: Zapdos
|-damage|p1a: Zapdos|0 fnt
|faint|p1a: Zapdos
|
|win|bakerdrill
|raw|Cte plays's rating: 1530 &rarr; <strong>1509</strong><br />(-21 for losing)
|raw|bakerdrill's rating: 1510 &rarr; <strong>1531</strong><br />(+21 for winning)
|l|‽Cte plays
|player|p1|
|l|☆bakerdrill
|player|p2|
