|j|☆tommyfuckingshelby
|j|☆Klopple
|t:|1781342662
|gametype|singles
|player|p1|tommyfuckingshelby|101|1519
|player|p2|Klopple|sailor|1558
|gen|9
|tier|[Gen 9] OU
|rated|
|rule|HP Percentage Mod: HP is shown in percentages
|rule|Endless Battle Clause: Forcing endless battles is banned
|rule|Species Clause: Limit one of each Pokémon
|rule|OHKO Clause: OHKO moves are banned
|rule|Evasion Items Clause: Evasion items are banned
|rule|Evasion Moves Clause: Evasion moves are banned
|rule|Evasion Abilities Clause: Evasion abilities are banned
|rule|Sleep Moves Clause: Sleep-inducing moves are banned
|clearpoke
|poke|p1|Dragapult, F|
|poke|p1|Great Tusk|
|poke|p1|Moltres|
|poke|p1|Tyranitar, F|
|poke|p1|Slowking-Galar, F|
|poke|p1|Ogerpon-Wellspring, F|
|poke|p2|Arboliva, M|
|poke|p2|Gliscor, M|
|poke|p2|Iron Crown|
|poke|p2|Zamazenta-*|
|poke|p2|Hatterene, F|
|poke|p2|Dragonite, M|
|teampreview
|inactive|Battle timer is ON: inactive players will automatically lose when time's up. (requested by tommyfuckingshelby)
|
|t:|1781342681
|teamsize|p1|6
|teamsize|p2|6
|start
|switch|p1a: Dragapult|Dragapult, F|100/100
|switch|p2a: Gliscor|Gliscor, M|100/100
|turn|1
|
|t:|1781342685
|move|p2a: Gliscor|Protect|p2a: Gliscor
|-singleturn|p2a: Gliscor|Protect
|move|p1a: Dragapult|Draco Meteor|p2a: Gliscor
|-activate|p2a: Gliscor|move: Protect
|
|-status|p2a: Gliscor|tox|[from] item: Toxic Orb
|upkeep
|turn|2
|
|t:|1781342691
|move|p1a: Dragapult|Draco Meteor|p2a: Gliscor|[miss]
|-miss|p1a: Dragapult|p2a: Gliscor
|move|p2a: Gliscor|Knock Off|p1a: Dragapult
|-supereffective|p1a: Dragapult
|-damage|p1a: Dragapult|41/100
|-enditem|p1a: Dragapult|Choice Specs|[from] move: Knock Off|[of] p2a: Gliscor
|
|upkeep
|turn|3
|
|t:|1781342695
|move|p1a: Dragapult|Surf|p2a: Gliscor
|-supereffective|p2a: Gliscor
|-damage|p2a: Gliscor|59/100 tox
|move|p2a: Gliscor|Knock Off|p1a: Dragapult
|-supereffective|p1a: Dragapult
|-damage|p1a: Dragapult|3/100
|
|-heal|p2a: Gliscor|72/100 tox|[from] ability: Poison Heal
|upkeep
|turn|4
|
|t:|1781342703
|move|p1a: Dragapult|Surf|p2a: Gliscor
|-supereffective|p2a: Gliscor
|-damage|p2a: Gliscor|27/100 tox
|move|p2a: Gliscor|Knock Off|p1a: Dragapult
|-supereffective|p1a: Dragapult
|-damage|p1a: Dragapult|0 fnt
|faint|p1a: Dragapult
|
|-heal|p2a: Gliscor|40/100 tox|[from] ability: Poison Heal
|upkeep
|
|t:|1781342712
|switch|p1a: Ogerpon|Ogerpon-Wellspring, F|100/100
|turn|5
|
|t:|1781342720
|switch|p2a: Arboliva|Arboliva, M|100/100
|move|p1a: Ogerpon|Ivy Cudgel|p2a: Arboliva|[anim] Ivy Cudgel Water
|-resisted|p2a: Arboliva
|-damage|p2a: Arboliva|68/100
|
|upkeep
|turn|6
|
|t:|1781342727
|switch|p1a: Moltres|Moltres|100/100
|move|p2a: Arboliva|Energy Ball|p1a: Moltres
|-resisted|p1a: Moltres
|-damage|p1a: Moltres|89/100
|
|upkeep
|turn|7
|
|t:|1781342734
|switch|p2a: Gliscor|Gliscor, M|40/100 tox
|move|p1a: Moltres|U-turn|p2a: Gliscor
|-resisted|p2a: Gliscor
|-damage|p2a: Gliscor|34/100 tox
|
|t:|1781342739
|switch|p1a: Ogerpon|Ogerpon-Wellspring, F|100/100|[from] U-turn
|
|-heal|p2a: Gliscor|46/100 tox|[from] ability: Poison Heal
|upkeep
|turn|8
|
|t:|1781342752
|switch|p2a: Arboliva|Arboliva, M|68/100
|move|p1a: Ogerpon|Swords Dance|p1a: Ogerpon
|-boost|p1a: Ogerpon|atk|2
|
|upkeep
|turn|9
|
|t:|1781342758
|move|p1a: Ogerpon|Play Rough|p2a: Arboliva|[miss]
|-miss|p1a: Ogerpon|p2a: Arboliva
|move|p2a: Arboliva|Energy Ball|p1a: Ogerpon
|-damage|p1a: Ogerpon|40/100
|
|upkeep
|turn|10
|
|t:|1781342761
|move|p2a: Arboliva|Endure|p2a: Arboliva
|-singleturn|p2a: Arboliva|move: Endure
|move|p1a: Ogerpon|Play Rough|p2a: Arboliva
|-activate|p2a: Arboliva|move: Endure
|-damage|p2a: Arboliva|1/100
|
|upkeep
|turn|11
|-enditem|p2a: Arboliva|Custap Berry|[eat]
|-activate|p2a: Arboliva|item: Custap Berry|[consumed]
|
|t:|1781342770
|move|p2a: Arboliva|Energy Ball|p1a: Ogerpon
|-damage|p1a: Ogerpon|0 fnt
|faint|p1a: Ogerpon
|
|-item|p2a: Arboliva|Custap Berry|[from] ability: Harvest
|upkeep
|
|t:|1781342776
|switch|p1a: Moltres|Moltres|89/100
|turn|12
|
|t:|1781342788
|switch|p2a: Gliscor|Gliscor, M|46/100 tox
|move|p1a: Moltres|U-turn|p2a: Gliscor
|-resisted|p2a: Gliscor
|-damage|p2a: Gliscor|40/100 tox
|
|t:|1781342799
|switch|p1a: Tyranitar|Tyranitar, F|100/100|[from] U-turn
|-weather|Sandstorm|[from] ability: Sand Stream|[of] p1a: Tyranitar
|-item|p1a: Tyranitar|Air Balloon
|
|-weather|Sandstorm|[upkeep]
|-heal|p2a: Gliscor|52/100 tox|[from] ability: Poison Heal
|upkeep
|turn|13
|
|t:|1781342807
|switch|p2a: Hatterene|Hatterene, F|100/100
|move|p1a: Tyranitar|Ice Punch|p2a: Hatterene
|-damage|p2a: Hatterene|74/100
|-damage|p1a: Tyranitar|84/100|[from] item: Rocky Helmet|[of] p2a: Hatterene
|
|-weather|Sandstorm|[upkeep]
|-damage|p2a: Hatterene|68/100|[from] Sandstorm
|upkeep
|turn|14
|
|t:|1781342817
|switch|p1a: Slowking|Slowking-Galar, F|100/100
|move|p2a: Hatterene|Nuzzle|p1a: Slowking
|-damage|p1a: Slowking|96/100
|-status|p1a: Slowking|par
|
|-weather|Sandstorm|[upkeep]
|-damage|p2a: Hatterene|62/100|[from] Sandstorm
|-damage|p1a: Slowking|90/100 par|[from] Sandstorm
|upkeep
|turn|15
|
|t:|1781342830
|switch|p2a: Iron Crown|Iron Crown|100/100
|move|p1a: Slowking|Flamethrower|p2a: Iron Crown
|-supereffective|p2a: Iron Crown
|-damage|p2a: Iron Crown|61/100
|
|-weather|Sandstorm|[upkeep]
|-damage|p1a: Slowking|84/100 par|[from] Sandstorm
|upkeep
|turn|16
|
|t:|1781342840
|move|p2a: Iron Crown|Future Sight|p1a: Slowking
|-start|p2a: Iron Crown|move: Future Sight
|move|p1a: Slowking|Flamethrower|p2a: Iron Crown
|-supereffective|p2a: Iron Crown
|-damage|p2a: Iron Crown|17/100
|
|-weather|none
|upkeep
|turn|17
|
|t:|1781342849
|move|p2a: Iron Crown|Volt Switch|p1a: Slowking
|-damage|p1a: Slowking|72/100 par
|
|t:|1781342856
|-end|p2a: Iron Crown|Quark Drive|[silent]
|switch|p2a: Zamazenta|Zamazenta|100/100|[from] Volt Switch
|-ability|p2a: Zamazenta|Dauntless Shield|boost
|-boost|p2a: Zamazenta|def|1
|move|p1a: Slowking|Flamethrower|p2a: Zamazenta
|-damage|p2a: Zamazenta|74/100
|
|upkeep
|turn|18
|
|t:|1781342868
|switch|p1a: Moltres|Moltres|89/100
|move|p2a: Zamazenta|Crunch|p1a: Moltres
|-damage|p1a: Moltres|70/100
|-unboost|p1a: Moltres|def|1
|-status|p2a: Zamazenta|brn|[from] ability: Flame Body|[of] p1a: Moltres
|
|-end|p1a: Moltres|move: Future Sight
|-damage|p1a: Moltres|13/100
|-damage|p2a: Zamazenta|68/100 brn|[from] brn
|upkeep
|turn|19
|
|t:|1781342881
|move|p2a: Zamazenta|Close Combat|p1a: Moltres
|-resisted|p1a: Moltres
|-damage|p1a: Moltres|0 fnt
|-unboost|p2a: Zamazenta|def|1
|-unboost|p2a: Zamazenta|spd|1
|faint|p1a: Moltres
|
|-damage|p2a: Zamazenta|62/100 brn|[from] brn
|upkeep
|
|t:|1781342886
|switch|p1a: Great Tusk|Great Tusk|100/100
|turn|20
|
|t:|1781342892
|switch|p2a: Hatterene|Hatterene, F|62/100
|move|p1a: Great Tusk|Earthquake|p2a: Hatterene
|-damage|p2a: Hatterene|24/100
|
|upkeep
|turn|21
|
|t:|1781342899
|switch|p2a: Gliscor|Gliscor, M|52/100 tox
|move|p1a: Great Tusk|Earthquake|p2a: Gliscor
|-immune|p2a: Gliscor
|
|-heal|p2a: Gliscor|65/100 tox|[from] ability: Poison Heal
|upkeep
|turn|22
|
|t:|1781342903
|switch|p2a: Hatterene|Hatterene, F|24/100
|move|p1a: Great Tusk|Stealth Rock|p2a: Hatterene
|move|p2a: Hatterene|Stealth Rock|p1a: Great Tusk|[from] ability: Magic Bounce
|-sidestart|p1: tommyfuckingshelby|move: Stealth Rock
|
|upkeep
|turn|23
|
|t:|1781342912
|move|p1a: Great Tusk|Rapid Spin|p2a: Hatterene
|-damage|p2a: Hatterene|11/100
|-boost|p1a: Great Tusk|spe|1
|-damage|p1a: Great Tusk|84/100|[from] item: Rocky Helmet|[of] p2a: Hatterene
|-sideend|p1: tommyfuckingshelby|Stealth Rock|[from] move: Rapid Spin|[of] p1a: Great Tusk
|move|p2a: Hatterene|Pain Split|p1a: Great Tusk
|-sethp|p1a: Great Tusk|46/100|[from] move: Pain Split|[silent]
|-sethp|p2a: Hatterene|63/100|[from] move: Pain Split
|
|upkeep
|turn|24
|
|t:|1781342921
|-end|p1a: Great Tusk|Protosynthesis|[silent]
|switch|p1a: Slowking|Slowking-Galar, F|100/100 par
|move|p2a: Hatterene|Draining Kiss|p1a: Slowking
|-resisted|p1a: Slowking
|-damage|p1a: Slowking|95/100 par
|-heal|p2a: Hatterene|68/100|[from] drain|[of] p1a: Slowking
|
|upkeep
|turn|25
|
|t:|1781342929
|move|p2a: Hatterene|Pain Split|p1a: Slowking
|-sethp|p1a: Slowking|75/100 par|[from] move: Pain Split|[silent]
|-sethp|p2a: Hatterene|93/100|[from] move: Pain Split
|move|p1a: Slowking|Sludge Bomb|p2a: Hatterene
|-supereffective|p2a: Hatterene
|-damage|p2a: Hatterene|1/100
|
|upkeep
|turn|26
|
|t:|1781342940
|move|p2a: Hatterene|Pain Split|p1a: Slowking
|-sethp|p1a: Slowking|38/100 par|[from] move: Pain Split|[silent]
|-sethp|p2a: Hatterene|47/100|[from] move: Pain Split
|move|p1a: Slowking|Flamethrower|p2a: Hatterene
|-damage|p2a: Hatterene|17/100
|
|upkeep
|turn|27
|
|t:|1781342949
|move|p2a: Hatterene|Psychic Noise|p1a: Slowking
|-damage|p1a: Slowking|21/100 par
|-start|p1a: Slowking|move: Heal Block
|move|p1a: Slowking|Flamethrower|p2a: Hatterene
|-damage|p2a: Hatterene|0 fnt
|faint|p2a: Hatterene
|
|upkeep
|
|t:|1781342966
|switch|p2a: Iron Crown|Iron Crown|17/100
|turn|28
|
|t:|1781342973
|switch|p1a: Great Tusk|Great Tusk|46/100
|move|p2a: Iron Crown|Tachyon Cutter|p1a: Great Tusk
|-damage|p1a: Great Tusk|15/100
|-damage|p1a: Great Tusk|0 fnt
|faint|p1a: Great Tusk
|-end|p1a: Great Tusk|Protosynthesis|[silent]
|-hitcount|p1: Great Tusk|2
|
|upkeep
|
|t:|1781342986
|switch|p1a: Slowking|Slowking-Galar, F|55/100 par
|turn|29
|
|t:|1781342992
|move|p2a: Iron Crown|Volt Switch|p1a: Slowking
|-damage|p1a: Slowking|42/100 par
|
|t:|1781342997
|-end|p2a: Iron Crown|Quark Drive|[silent]
|switch|p2a: Gliscor|Gliscor, M|65/100 tox|[from] Volt Switch
|cant|p1a: Slowking|par
|
|-heal|p2a: Gliscor|77/100 tox|[from] ability: Poison Heal
|upkeep
|turn|30
|
|t:|1781343003
|-terastallize|p1a: Slowking|Fighting
|move|p2a: Gliscor|Knock Off|p1a: Slowking
|-resisted|p1a: Slowking
|-damage|p1a: Slowking|30/100 par
|-enditem|p1a: Slowking|Assault Vest|[from] move: Knock Off|[of] p2a: Gliscor
|move|p1a: Slowking|Ice Beam|p2a: Gliscor
|-supereffective|p2a: Gliscor
|-damage|p2a: Gliscor|0 fnt
|faint|p2a: Gliscor
|
|upkeep
|
|t:|1781343013
|switch|p2a: Iron Crown|Iron Crown|17/100
|turn|31
|
|t:|1781343016
|switch|p1a: Tyranitar|Tyranitar, F|84/100
|-weather|Sandstorm|[from] ability: Sand Stream|[of] p1a: Tyranitar
|-item|p1a: Tyranitar|Air Balloon
|move|p2a: Iron Crown|Tachyon Cutter|p1a: Tyranitar
|-supereffective|p1a: Tyranitar
|-damage|p1a: Tyranitar|52/100
|-enditem|p1a: Tyranitar|Air Balloon
|-supereffective|p1a: Tyranitar
|-damage|p1a: Tyranitar|18/100
|-hitcount|p1a: Tyranitar|2
|
|-weather|Sandstorm|[upkeep]
|upkeep
|turn|32
|
|t:|1781343027
|move|p2a: Iron Crown|Tachyon Cutter|p1a: Tyranitar
|-supereffective|p1a: Tyranitar
|-damage|p1a: Tyranitar|0 fnt
|faint|p1a: Tyranitar
|-hitcount|p1: Tyranitar|1
|
|-weather|Sandstorm|[upkeep]
|upkeep
|
|t:|1781343028
|switch|p1a: Slowking|Slowking-Galar, F, tera:Fighting|64/100 par
|turn|33
|
|t:|1781343034
|move|p2a: Iron Crown|Psychic Noise|p1a: Slowking
|-supereffective|p1a: Slowking
|-damage|p1a: Slowking|1/100 par
|-start|p1a: Slowking|move: Heal Block
|cant|p1a: Slowking|par
|
|-weather|Sandstorm|[upkeep]
|-damage|p1a: Slowking|0 fnt|[from] Sandstorm
|faint|p1a: Slowking
|
|win|Klopple
|raw|tommyfuckingshelby's rating: 1519 &rarr; <strong>1501</strong><br />(-18 for losing)
|raw|Klopple's rating: 1558 &rarr; <strong>1576</strong><br />(+18 for winning)
|l|☆tommyfuckingshelby
|player|p1|
|l|☆Klopple
|player|p2|
