|j|☆huilaoshi1111
|j|☆runningdan
|t:|1781330991
|gametype|singles
|player|p1|huilaoshi1111|170|1603
|player|p2|runningdan|266|1557
|gen|9
|tier|[Gen 9] OU
|rated|
|rule|HP Percentage Mod: HP is shown in percentages
|rule|Endless Battle Clause: Forcing endless battles is banned
|rule|Species Clause: Limit one of each Pokémon
|rule|OHKO Clause: OHKO moves are banned
|rule|Evasion Items Clause: Evasion items are banned
|rule|Evasion Moves Clause: Evasion moves are banned
|rule|Evasion Abilities Clause: Evasion abilities are banned
|rule|Sleep Moves Clause: Sleep-inducing moves are banned
|clearpoke
|poke|p1|Mienshao, F|
|poke|p1|Blissey, F|
|poke|p1|Slowbro, F|
|poke|p1|Krookodile, M|
|poke|p1|Talonflame, F|
|poke|p1|Zoroark-Hisui, F|
|poke|p2|Great Tusk|
|poke|p2|Ninetales-Alola, M|
|poke|p2|Darkrai|
|poke|p2|Slowking-Galar, F|
|poke|p2|Dragapult, M|
|poke|p2|Gliscor, M|
|teampreview
|inactive|Battle timer is ON: inactive players will automatically lose when time's up. (requested by runningdan)
|
|t:|1781331013
|teamsize|p1|6
|teamsize|p2|6
|start
|switch|p1a: Mienshao|Mienshao, F|100/100
|switch|p2a: Dragapult|Dragapult, M|100/100
|turn|1
|
|t:|1781331032
|move|p1a: Mienshao|Knock Off|p2a: Dragapult
|-supereffective|p2a: Dragapult
|-damage|p2a: Dragapult|0 fnt
|-enditem|p2a: Dragapult|Choice Specs|[from] move: Knock Off|[of] p1a: Mienshao
|faint|p2a: Dragapult
|
|upkeep
|
|t:|1781331048
|switch|p2a: Gliscor|Gliscor, M|100/100
|turn|2
|
|t:|1781331064
|switch|p1a: Slowbro|Slowbro, F|100/100
|move|p2a: Gliscor|Protect||[still]
|-fail|p2a: Gliscor
|
|-status|p2a: Gliscor|tox|[from] item: Toxic Orb
|upkeep
|turn|3
|
|t:|1781331068
|switch|p2a: Ninetales|Ninetales-Alola, M|100/100
|-weather|Snowscape|[from] ability: Snow Warning|[of] p2a: Ninetales
|move|p1a: Slowbro|Hex|p2a: Ninetales
|-damage|p2a: Ninetales|50/100
|
|-weather|Snowscape|[upkeep]
|upkeep
|turn|4
|
|t:|1781331076
|switch|p1a: Talonflame|Talonflame, F|100/100
|move|p2a: Ninetales|Aurora Veil|p2a: Ninetales
|-sidestart|p2: runningdan|move: Aurora Veil
|
|-weather|Snowscape|[upkeep]
|upkeep
|turn|5
|
|t:|1781331088
|switch|p2a: Gliscor|Gliscor, M|100/100 tox
|move|p1a: Talonflame|Defog|p2a: Gliscor
|-unboost|p2a: Gliscor|evasion|1
|-sideend|p2: runningdan|move: Aurora Veil
|
|-weather|Snowscape|[upkeep]
|upkeep
|turn|6
|
|t:|1781331099
|switch|p1a: Mienshao|Mienshao, F|100/100
|move|p2a: Gliscor|Knock Off|p1a: Mienshao
|-resisted|p1a: Mienshao
|-damage|p1a: Mienshao|80/100
|-enditem|p1a: Mienshao|Choice Scarf|[from] move: Knock Off|[of] p2a: Gliscor
|
|-weather|Snowscape|[upkeep]
|upkeep
|turn|7
|
|t:|1781331106
|move|p2a: Gliscor|Protect|p2a: Gliscor
|-singleturn|p2a: Gliscor|Protect
|move|p1a: Mienshao|Triple Axel|p2a: Gliscor
|-activate|p2a: Gliscor|move: Protect
|
|-weather|none
|upkeep
|turn|8
|
|t:|1781331112
|switch|p2a: Ninetales|Ninetales-Alola, M|50/100
|-weather|Snowscape|[from] ability: Snow Warning|[of] p2a: Ninetales
|move|p1a: Mienshao|Close Combat|p2a: Ninetales
|-damage|p2a: Ninetales|0 fnt
|-unboost|p1a: Mienshao|def|1
|-unboost|p1a: Mienshao|spd|1
|faint|p2a: Ninetales
|
|-weather|Snowscape|[upkeep]
|upkeep
|
|t:|1781331123
|switch|p2a: Darkrai|Darkrai|100/100
|turn|9
|
|t:|1781331134
|switch|p1a: Blissey|Blissey, F|100/100
|move|p2a: Darkrai|Focus Blast|p1a: Blissey
|-supereffective|p1a: Blissey
|-damage|p1a: Blissey|74/100
|
|-weather|Snowscape|[upkeep]
|upkeep
|turn|10
|
|t:|1781331146
|switch|p2a: Gliscor|Gliscor, M|100/100 tox
|move|p1a: Blissey|Soft-Boiled|p1a: Blissey
|-heal|p1a: Blissey|100/100
|
|-weather|Snowscape|[upkeep]
|upkeep
|turn|11
|
|t:|1781331154
|switch|p1a: Mienshao|Mienshao, F|100/100
|move|p2a: Gliscor|Knock Off|p1a: Mienshao
|-resisted|p1a: Mienshao
|-damage|p1a: Mienshao|86/100
|
|-weather|Snowscape|[upkeep]
|upkeep
|turn|12
|
|t:|1781331162
|move|p2a: Gliscor|Protect|p2a: Gliscor
|-singleturn|p2a: Gliscor|Protect
|move|p1a: Mienshao|Triple Axel|p2a: Gliscor
|-activate|p2a: Gliscor|move: Protect
|
|-weather|none
|upkeep
|turn|13
|j| choispecs ironmoth
|
|t:|1781331167
|switch|p2a: Slowking|Slowking-Galar, F|100/100
|move|p1a: Mienshao|Triple Axel|p2a: Slowking
|-damage|p2a: Slowking|92/100
|-hitcount|p2a: Slowking|1
|
|-heal|p2a: Slowking|98/100|[from] item: Leftovers
|upkeep
|turn|14
|
|t:|1781331173
|move|p1a: Mienshao|U-turn|p2a: Slowking
|-damage|p2a: Slowking|73/100
|
|t:|1781331179
|switch|p1a: Krookodile|Krookodile, M|100/100|[from] U-turn
|-ability|p1a: Krookodile|Intimidate|boost
|-unboost|p2a: Slowking|atk|1
|move|p2a: Slowking|Future Sight|p1a: Krookodile
|-start|p2a: Slowking|move: Future Sight
|
|-heal|p2a: Slowking|79/100|[from] item: Leftovers
|upkeep
|turn|15
|
|t:|1781331198
|switch|p2a: Gliscor|Gliscor, M|100/100 tox
|move|p1a: Krookodile|Knock Off|p2a: Gliscor
|-damage|p2a: Gliscor|53/100 tox
|-enditem|p2a: Gliscor|Toxic Orb|[from] move: Knock Off|[of] p1a: Krookodile
|
|-heal|p2a: Gliscor|65/100 tox|[from] ability: Poison Heal
|upkeep
|turn|16
|l|☆huilaoshi1111
|inactive|huilaoshi1111 disconnected and has a minute to reconnect!
|player|p1|
|j|☆huilaoshi1111
|inactive|huilaoshi1111 reconnected and has 140 seconds left.
|player|p1|huilaoshi1111|170|
|
|t:|1781331217
|switch|p1a: Mienshao|Mienshao, F|100/100
|move|p2a: Gliscor|Stealth Rock|p1a: Mienshao
|-sidestart|p1: huilaoshi1111|move: Stealth Rock
|
|-end|p1a: Mienshao|move: Future Sight
|-supereffective|p1a: Mienshao
|-damage|p1a: Mienshao|0 fnt
|faint|p1a: Mienshao
|-heal|p2a: Gliscor|78/100 tox|[from] ability: Poison Heal
|upkeep
|
|t:|1781331228
|switch|p1a: Slowbro|Slowbro, F|100/100
|-damage|p1a: Slowbro|88/100|[from] Stealth Rock
|turn|17
|
|t:|1781331233
|switch|p2a: Slowking|Slowking-Galar, F|100/100
|move|p1a: Slowbro|Hex|p2a: Slowking
|-supereffective|p2a: Slowking
|-damage|p2a: Slowking|30/100
|
|-heal|p2a: Slowking|36/100|[from] item: Leftovers
|upkeep
|turn|18
|
|t:|1781331241
|switch|p2a: Darkrai|Darkrai|100/100
|move|p1a: Slowbro|Hex|p2a: Darkrai
|-resisted|p2a: Darkrai
|-damage|p2a: Darkrai|67/100
|
|-heal|p2a: Darkrai|73/100|[from] item: Leftovers
|upkeep
|turn|19
|
|t:|1781331248
|switch|p1a: Krookodile|Krookodile, M|100/100
|-damage|p1a: Krookodile|94/100|[from] Stealth Rock
|-ability|p1a: Krookodile|Intimidate|boost
|-unboost|p2a: Darkrai|atk|1
|move|p2a: Darkrai|Nasty Plot|p2a: Darkrai
|-boost|p2a: Darkrai|spa|2
|
|-heal|p2a: Darkrai|80/100|[from] item: Leftovers
|upkeep
|turn|20
|
|t:|1781331268
|-terastallize|p2a: Darkrai|Poison
|-terastallize|p1a: Krookodile|Poison
|move|p2a: Darkrai|Dark Pulse|p1a: Krookodile
|-damage|p1a: Krookodile|0 fnt
|faint|p1a: Krookodile
|
|-heal|p2a: Darkrai|86/100|[from] item: Leftovers
|upkeep
|
|t:|1781331279
|switch|p1a: Blissey|Blissey, F|100/100
|turn|21
|
|t:|1781331284
|move|p2a: Darkrai|Psyshock|p1a: Blissey
|-damage|p1a: Blissey|40/100
|move|p1a: Blissey|Thunder Wave|p2a: Darkrai
|-status|p2a: Darkrai|par
|
|-heal|p2a: Darkrai|92/100 par|[from] item: Leftovers
|upkeep
|turn|22
|
|t:|1781331292
|cant|p2a: Darkrai|par
|move|p1a: Blissey|Seismic Toss|p2a: Darkrai
|-damage|p2a: Darkrai|56/100 par
|
|-heal|p2a: Darkrai|62/100 par|[from] item: Leftovers
|upkeep
|turn|23
|
|t:|1781331295
|move|p2a: Darkrai|Psyshock|p1a: Blissey
|-damage|p1a: Blissey|0 fnt
|faint|p1a: Blissey
|
|-heal|p2a: Darkrai|68/100 par|[from] item: Leftovers
|upkeep
|
|t:|1781331298
|switch|p1a: Slowbro|Slowbro, F|88/100
|-damage|p1a: Slowbro|76/100|[from] Stealth Rock
|turn|24
|
|t:|1781331313
|move|p1a: Slowbro|Hex|p2a: Darkrai
|-damage|p2a: Darkrai|0 fnt
|faint|p2a: Darkrai
|
|upkeep
|
|t:|1781331321
|switch|p2a: Gliscor|Gliscor, M|78/100 tox
|turn|25
|
|t:|1781331325
|move|p1a: Slowbro|Hex|p2a: Gliscor
|-damage|p2a: Gliscor|0 fnt
|faint|p2a: Gliscor
|
|upkeep
|
|t:|1781331331
|switch|p2a: Great Tusk|Great Tusk|100/100
|turn|26
|
|t:|1781331339
|switch|p1a: Slowbro|Slowbro, F|100/100
|-damage|p1a: Slowbro|88/100|[from] Stealth Rock
|-end|p2a: Great Tusk|Protosynthesis|[silent]
|switch|p2a: Slowking|Slowking-Galar, F|69/100
|
|-heal|p2a: Slowking|75/100|[from] item: Leftovers
|upkeep
|turn|27
|
|t:|1781331348
|move|p2a: Slowking|Future Sight|p1a: Slowbro
|-start|p2a: Slowking|move: Future Sight
|move|p1a: Slowbro|Future Sight|p2a: Slowking
|-start|p1a: Slowbro|move: Future Sight
|
|-heal|p2a: Slowking|81/100|[from] item: Leftovers
|upkeep
|turn|28
|
|t:|1781331357
|move|p2a: Slowking|Sludge Bomb|p1a: Slowbro
|-damage|p1a: Slowbro|52/100
|move|p1a: Slowbro|Scald|p2a: Slowking
|-damage|p2a: Slowking|64/100
|
|-heal|p2a: Slowking|70/100|[from] item: Leftovers
|upkeep
|turn|29
|
|t:|1781331363
|move|p2a: Slowking|Sludge Bomb|p1a: Slowbro
|-damage|p1a: Slowbro|12/100
|-status|p1a: Slowbro|psn
|move|p1a: Slowbro|Slack Off|p1a: Slowbro
|-heal|p1a: Slowbro|62/100 psn
|
|-end|p2a: Slowking|move: Future Sight
|-damage|p2a: Slowking|41/100
|-end|p1a: Slowbro|move: Future Sight
|-resisted|p1a: Slowbro
|-damage|p1a: Slowbro|38/100 psn
|-heal|p2a: Slowking|47/100|[from] item: Leftovers
|-damage|p1a: Slowbro|26/100 psn|[from] psn
|upkeep
|turn|30
|
|t:|1781331378
|switch|p1a: Slowbro|Slowbro, F|76/100
|-damage|p1a: Slowbro|64/100|[from] Stealth Rock
|move|p2a: Slowking|Sludge Bomb|p1a: Slowbro
|-resisted|p1a: Slowbro
|-damage|p1a: Slowbro|28/100
|replace|p1a: Zoroark|Zoroark-Hisui, F
|-end|p1a: Zoroark|Illusion
|
|-heal|p2a: Slowking|53/100|[from] item: Leftovers
|upkeep
|turn|31
|
|t:|1781331388
|switch|p2a: Great Tusk|Great Tusk|100/100
|move|p1a: Zoroark|Bitter Malice|p2a: Great Tusk
|-damage|p2a: Great Tusk|11/100
|-unboost|p2a: Great Tusk|atk|1
|
|-heal|p2a: Great Tusk|17/100|[from] item: Leftovers
|upkeep
|turn|32
|
|t:|1781331398
|move|p1a: Zoroark|Bitter Malice|p2a: Great Tusk
|-damage|p2a: Great Tusk|0 fnt
|faint|p2a: Great Tusk
|-end|p2a: Great Tusk|Protosynthesis|[silent]
|
|upkeep
|
|t:|1781331401
|switch|p2a: Slowking|Slowking-Galar, F|86/100
|turn|33
|
|t:|1781331408
|move|p1a: Zoroark|Bitter Malice|p2a: Slowking
|-supereffective|p2a: Slowking
|-damage|p2a: Slowking|8/100
|-unboost|p2a: Slowking|atk|1
|move|p2a: Slowking|Sludge Bomb|p1a: Zoroark
|-resisted|p1a: Zoroark
|-damage|p1a: Zoroark|0 fnt
|faint|p1a: Zoroark
|
|-heal|p2a: Slowking|14/100|[from] item: Leftovers
|upkeep
|
|t:|1781331418
|switch|p1a: Slowbro|Slowbro, F|59/100 psn
|-damage|p1a: Slowbro|47/100 psn|[from] Stealth Rock
|turn|34
|
|t:|1781331423
|move|p2a: Slowking|Sludge Bomb|p1a: Slowbro
|-damage|p1a: Slowbro|4/100 psn
|move|p1a: Slowbro|Scald|p2a: Slowking
|-damage|p2a: Slowking|0 fnt
|faint|p2a: Slowking
|
|win|huilaoshi1111
|raw|huilaoshi1111's rating: 1583 &rarr; <strong>1602</strong><br />(+19 for winning)
|raw|runningdan's rating: 1557 &rarr; <strong>1538</strong><br />(-19 for losing)
|l|☆runningdan
|player|p2|
|l| choispecs ironmoth
