|j|☆Trainer #39
|j|☆thelarpinglarper
|t:|1781432341
|gametype|singles
|player|p1|Trainer #39|bugsy|1795
|player|p2|thelarpinglarper|sordward|1751
|gen|9
|tier|[Gen 9] OU
|rated|
|rule|HP Percentage Mod: HP is shown in percentages
|rule|Endless Battle Clause: Forcing endless battles is banned
|rule|Species Clause: Limit one of each Pokémon
|rule|OHKO Clause: OHKO moves are banned
|rule|Evasion Items Clause: Evasion items are banned
|rule|Evasion Moves Clause: Evasion moves are banned
|rule|Evasion Abilities Clause: Evasion abilities are banned
|rule|Sleep Moves Clause: Sleep-inducing moves are banned
|clearpoke
|poke|p1|Blissey, F|
|poke|p1|Corviknight, M|
|poke|p1|Dondozo, M|
|poke|p1|Gliscor, M|
|poke|p1|Clefable, M|
|poke|p1|Slowking-Galar, M|
|poke|p2|Samurott-Hisui, M|
|poke|p2|Iron Treads|
|poke|p2|Iron Valiant|
|poke|p2|Rotom-Wash|
|poke|p2|Iron Moth|
|poke|p2|Pecharunt|
|teampreview
|inactive|Battle timer is ON: inactive players will automatically lose when time's up. (requested by thelarpinglarper)
|
|t:|1781432347
|teamsize|p1|6
|teamsize|p2|6
|start
|switch|p1a: Free Palestine|Gliscor, M|100/100
|switch|p2a: Samurott|Samurott-Hisui, M|100/100
|turn|1
|
|t:|1781432352
|move|p1a: Free Palestine|Protect|p1a: Free Palestine
|-singleturn|p1a: Free Palestine|Protect
|move|p2a: Samurott|Razor Shell|p1a: Free Palestine
|-activate|p1a: Free Palestine|move: Protect
|
|-status|p1a: Free Palestine|tox|[from] item: Toxic Orb
|upkeep
|turn|2
|
|t:|1781432359
|switch|p1a: 808 and curses|Dondozo, M|100/100
|move|p2a: Samurott|Razor Shell|p1a: 808 and curses
|-resisted|p1a: 808 and curses
|-crit|p1a: 808 and curses
|-damage|p1a: 808 and curses|73/100
|-unboost|p1a: 808 and curses|def|1
|
|-heal|p1a: 808 and curses|79/100|[from] item: Leftovers
|upkeep
|turn|3
|
|t:|1781432364
|switch|p2a: Rotom|Rotom-Wash|100/100
|switch|p1a: Trump is low IQ|Corviknight, M|100/100
|-ability|p1a: Trump is low IQ|Pressure
|
|upkeep
|turn|4
|
|t:|1781432367
|switch|p1a: Save Sudan|Slowking-Galar, M|100/100
|move|p2a: Rotom|Hydro Pump|p1a: Save Sudan
|-damage|p1a: Save Sudan|69/100
|
|upkeep
|turn|5
|
|t:|1781432371
|move|p1a: Save Sudan|Sludge Bomb|p2a: Rotom
|-damage|p2a: Rotom|66/100
|move|p2a: Rotom|Volt Switch|p1a: Save Sudan
|-damage|p1a: Save Sudan|48/100
|
|t:|1781432376
|switch|p2a: Samurott|Samurott-Hisui, M|100/100|[from] Volt Switch
|
|upkeep
|turn|6
|c|☆thelarpinglarper|w larp
|
|t:|1781432381
|switch|p1a: Free Palestine|Gliscor, M|100/100 tox
|-terastallize|p2a: Samurott|Dark
|move|p2a: Samurott|Ceaseless Edge|p1a: Free Palestine
|-damage|p1a: Free Palestine|46/100 tox
|-sidestart|p1: Trainer #39|Spikes
|
|-heal|p1a: Free Palestine|59/100 tox|[from] ability: Poison Heal
|upkeep
|turn|7
|
|t:|1781432386
|switch|p2a: Rotom|Rotom-Wash|66/100
|move|p1a: Free Palestine|Toxic|p2a: Rotom
|-status|p2a: Rotom|tox
|
|-heal|p1a: Free Palestine|71/100 tox|[from] ability: Poison Heal
|-damage|p2a: Rotom|60/100 tox|[from] psn
|upkeep
|turn|8
|
|t:|1781432391
|move|p1a: Free Palestine|Protect|p1a: Free Palestine
|-singleturn|p1a: Free Palestine|Protect
|move|p2a: Rotom|Electric Terrain|p2a: Rotom
|-fieldstart|move: Electric Terrain
|
|-heal|p1a: Free Palestine|84/100 tox|[from] ability: Poison Heal
|-damage|p2a: Rotom|47/100 tox|[from] psn
|upkeep
|turn|9
|
|t:|1781432395
|move|p1a: Free Palestine|Substitute|p1a: Free Palestine
|-start|p1a: Free Palestine|Substitute
|-damage|p1a: Free Palestine|59/100 tox
|move|p2a: Rotom|Volt Switch|p1a: Free Palestine
|-immune|p1a: Free Palestine
|
|-heal|p1a: Free Palestine|71/100 tox|[from] ability: Poison Heal
|-damage|p2a: Rotom|28/100 tox|[from] psn
|upkeep
|turn|10
|
|t:|1781432406
|switch|p2a: Pecharunt|Pecharunt|100/100
|move|p1a: Free Palestine|Earthquake|p2a: Pecharunt
|-supereffective|p2a: Pecharunt
|-damage|p2a: Pecharunt|73/100
|
|-heal|p1a: Free Palestine|84/100 tox|[from] ability: Poison Heal
|upkeep
|turn|11
|
|t:|1781432410
|move|p1a: Free Palestine|Earthquake|p2a: Pecharunt
|-supereffective|p2a: Pecharunt
|-damage|p2a: Pecharunt|46/100
|move|p2a: Pecharunt|Foul Play|p1a: Free Palestine
|-activate|p1a: Free Palestine|move: Substitute|[damage]
|
|-heal|p1a: Free Palestine|96/100 tox|[from] ability: Poison Heal
|upkeep
|turn|12
|
|t:|1781432413
|move|p1a: Free Palestine|Earthquake|p2a: Pecharunt
|-supereffective|p2a: Pecharunt
|-damage|p2a: Pecharunt|19/100
|move|p2a: Pecharunt|Recover|p2a: Pecharunt
|-heal|p2a: Pecharunt|69/100
|
|-heal|p1a: Free Palestine|100/100 tox|[from] ability: Poison Heal
|upkeep
|turn|13
|
|t:|1781432416
|move|p1a: Free Palestine|Earthquake|p2a: Pecharunt
|-supereffective|p2a: Pecharunt
|-damage|p2a: Pecharunt|42/100
|move|p2a: Pecharunt|Parting Shot|p1a: Free Palestine
|-unboost|p1a: Free Palestine|atk|1
|-unboost|p1a: Free Palestine|spa|1
|
|t:|1781432429
|switch|p2a: Rotom|Rotom-Wash|28/100 tox|[from] Parting Shot
|
|-damage|p2a: Rotom|22/100 tox|[from] psn
|upkeep
|turn|14
|
|t:|1781432435
|switch|p2a: Pecharunt|Pecharunt|42/100
|move|p1a: Free Palestine|Protect||[still]
|-fail|p1a: Free Palestine
|
|upkeep
|turn|15
|
|t:|1781432437
|move|p1a: Free Palestine|Earthquake|p2a: Pecharunt
|-supereffective|p2a: Pecharunt
|-damage|p2a: Pecharunt|23/100
|move|p2a: Pecharunt|Recover|p2a: Pecharunt
|-heal|p2a: Pecharunt|73/100
|
|-fieldend|move: Electric Terrain
|upkeep
|turn|16
|
|t:|1781432445
|move|p1a: Free Palestine|Earthquake|p2a: Pecharunt
|-supereffective|p2a: Pecharunt
|-damage|p2a: Pecharunt|55/100
|move|p2a: Pecharunt|Parting Shot|p1a: Free Palestine
|-unboost|p1a: Free Palestine|atk|1
|-unboost|p1a: Free Palestine|spa|1
|
|t:|1781432449
|switch|p2a: Iron Moth|Iron Moth|100/100|[from] Parting Shot
|
|upkeep
|turn|17
|
|t:|1781432453
|switch|p1a: brat|Blissey, F|100/100
|move|p2a: Iron Moth|U-turn|p1a: brat
|-damage|p1a: brat|89/100
|
|t:|1781432455
|-end|p2a: Iron Moth|Quark Drive|[silent]
|switch|p2a: Samurott|Samurott-Hisui, M, tera:Dark|100/100|[from] U-turn
|
|upkeep
|turn|18
|
|t:|1781432459
|switch|p1a: Trump is low IQ|Corviknight, M|100/100
|-ability|p1a: Trump is low IQ|Pressure
|move|p2a: Samurott|Ceaseless Edge|p1a: Trump is low IQ
|-damage|p1a: Trump is low IQ|45/100
|-damage|p2a: Samurott|84/100|[from] item: Rocky Helmet|[of] p1a: Trump is low IQ
|-sidestart|p1: Trainer #39|Spikes
|
|upkeep
|turn|19
|
|t:|1781432467
|switch|p2a: Iron Moth|Iron Moth|100/100
|switch|p1a: Free Palestine|Gliscor, M|100/100 tox
|
|upkeep
|turn|20
|
|t:|1781432471
|move|p2a: Iron Moth|Overheat|p1a: Free Palestine
|-damage|p1a: Free Palestine|0 fnt
|-unboost|p2a: Iron Moth|spa|2
|faint|p1a: Free Palestine
|
|upkeep
|
|t:|1781432475
|switch|p1a: brat|Blissey, F|89/100
|turn|21
|
|t:|1781432480
|-end|p2a: Iron Moth|Quark Drive|[silent]
|switch|p2a: Rotom|Rotom-Wash|22/100 tox
|move|p1a: brat|Stealth Rock|p2a: Rotom
|-sidestart|p2: thelarpinglarper|move: Stealth Rock
|
|-damage|p2a: Rotom|16/100 tox|[from] psn
|upkeep
|turn|22
|
|t:|1781432490
|switch|p1a: Free Lebanon|Clefable, M|100/100
|move|p2a: Rotom|Pain Split|p1a: Free Lebanon
|-sethp|p1a: Free Lebanon|56/100|[from] move: Pain Split|[silent]
|-sethp|p2a: Rotom|73/100 tox|[from] move: Pain Split
|
|-damage|p2a: Rotom|60/100 tox|[from] psn
|upkeep
|turn|23
|
|t:|1781432492
|move|p2a: Rotom|Volt Switch|p1a: Free Lebanon
|-damage|p1a: Free Lebanon|39/100
|
|t:|1781432494
|switch|p2a: Iron Treads|Iron Treads|100/100|[from] Volt Switch
|move|p1a: Free Lebanon|Wish|p1a: Free Lebanon
|
|upkeep
|turn|24
|
|t:|1781432500
|-end|p2a: Iron Treads|Quark Drive|[silent]
|switch|p2a: Iron Moth|Iron Moth|100/100
|-damage|p2a: Iron Moth|76/100|[from] Stealth Rock
|move|p1a: Free Lebanon|Knock Off|p2a: Iron Moth
|-crit|p2a: Iron Moth
|-damage|p2a: Iron Moth|32/100
|-enditem|p2a: Iron Moth|Choice Specs|[from] move: Knock Off|[of] p1a: Free Lebanon
|
|-heal|p1a: Free Lebanon|89/100|[from] move: Wish|[wisher] Free Lebanon
|upkeep
|turn|25
|
|t:|1781432507
|switch|p1a: brat|Blissey, F|89/100
|move|p2a: Iron Moth|U-turn|p1a: brat
|-damage|p1a: brat|78/100
|
|t:|1781432509
|-end|p2a: Iron Moth|Quark Drive|[silent]
|switch|p2a: Samurott|Samurott-Hisui, M, tera:Dark|84/100|[from] U-turn
|-damage|p2a: Samurott|72/100|[from] Stealth Rock
|
|upkeep
|turn|26
|
|t:|1781432511
|switch|p1a: Trump is low IQ|Corviknight, M|45/100
|-ability|p1a: Trump is low IQ|Pressure
|move|p2a: Samurott|Ceaseless Edge|p1a: Trump is low IQ|[miss]
|-miss|p2a: Samurott|p1a: Trump is low IQ
|
|upkeep
|turn|27
|
|t:|1781432515
|move|p2a: Samurott|Ceaseless Edge|p1a: Trump is low IQ|[miss]
|-miss|p2a: Samurott|p1a: Trump is low IQ
|move|p1a: Trump is low IQ|Roost|p1a: Trump is low IQ
|-heal|p1a: Trump is low IQ|95/100
|-singleturn|p1a: Trump is low IQ|move: Roost
|
|upkeep
|turn|28
|
|t:|1781432523
|switch|p2a: Rotom|Rotom-Wash|60/100 tox
|-damage|p2a: Rotom|48/100 tox|[from] Stealth Rock
|move|p1a: Trump is low IQ|U-turn|p2a: Rotom
|-damage|p2a: Rotom|36/100 tox
|
|t:|1781432527
|switch|p1a: Free Lebanon|Clefable, M|89/100|[from] U-turn
|
|-damage|p2a: Rotom|29/100 tox|[from] psn
|upkeep
|turn|29
|
|t:|1781432531
|move|p2a: Rotom|Pain Split|p1a: Free Lebanon
|-sethp|p1a: Free Lebanon|56/100|[from] move: Pain Split|[silent]
|-sethp|p2a: Rotom|72/100 tox|[from] move: Pain Split
|move|p1a: Free Lebanon|Wish|p1a: Free Lebanon
|
|-damage|p2a: Rotom|60/100 tox|[from] psn
|upkeep
|turn|30
|
|t:|1781432537
|move|p2a: Rotom|Volt Switch|p1a: Free Lebanon
|-damage|p1a: Free Lebanon|40/100
|
|t:|1781432543
|switch|p2a: Iron Moth|Iron Moth|32/100|[from] Volt Switch
|-damage|p2a: Iron Moth|7/100|[from] Stealth Rock
|move|p1a: Free Lebanon|Knock Off|p2a: Iron Moth
|-damage|p2a: Iron Moth|0 fnt
|faint|p2a: Iron Moth
|-end|p2a: Iron Moth|Quark Drive|[silent]
|
|-heal|p1a: Free Lebanon|90/100|[from] move: Wish|[wisher] Free Lebanon
|upkeep
|
|t:|1781432548
|switch|p2a: Iron Treads|Iron Treads|100/100
|turn|31
|
|t:|1781432551
|switch|p1a: Trump is low IQ|Corviknight, M|95/100
|-ability|p1a: Trump is low IQ|Pressure
|move|p2a: Iron Treads|Rapid Spin|p1a: Trump is low IQ
|-resisted|p1a: Trump is low IQ
|-damage|p1a: Trump is low IQ|91/100
|-boost|p2a: Iron Treads|spe|1
|-damage|p2a: Iron Treads|84/100|[from] item: Rocky Helmet|[of] p1a: Trump is low IQ
|-sideend|p2: thelarpinglarper|Stealth Rock|[from] move: Rapid Spin|[of] p2a: Iron Treads
|
|upkeep
|turn|32
|
|t:|1781432555
|move|p2a: Iron Treads|Knock Off|p1a: Trump is low IQ
|-damage|p1a: Trump is low IQ|76/100
|-damage|p2a: Iron Treads|67/100|[from] item: Rocky Helmet|[of] p1a: Trump is low IQ
|-enditem|p1a: Trump is low IQ|Rocky Helmet|[from] move: Knock Off|[of] p2a: Iron Treads
|move|p1a: Trump is low IQ|Defog|p2a: Iron Treads
|-unboost|p2a: Iron Treads|evasion|1
|-sideend|p1: Trainer #39|Spikes|[from] move: Defog|[of] p1a: Trump is low IQ
|
|upkeep
|turn|33
|
|t:|1781432561
|move|p2a: Iron Treads|Stealth Rock|p1a: Trump is low IQ
|-sidestart|p1: Trainer #39|move: Stealth Rock
|move|p1a: Trump is low IQ|Brave Bird|p2a: Iron Treads
|-resisted|p2a: Iron Treads
|-damage|p2a: Iron Treads|54/100
|-damage|p1a: Trump is low IQ|71/100|[from] Recoil
|
|upkeep
|turn|34
|
|t:|1781432573
|-end|p2a: Iron Treads|Quark Drive|[silent]
|switch|p2a: Rotom|Rotom-Wash|60/100 tox
|move|p1a: Trump is low IQ|Defog|p2a: Rotom
|-unboost|p2a: Rotom|evasion|1
|-sideend|p1: Trainer #39|Stealth Rock|[from] move: Defog|[of] p1a: Trump is low IQ
|
|-damage|p2a: Rotom|53/100 tox|[from] psn
|upkeep
|turn|35
|
|t:|1781432580
|switch|p1a: Free Lebanon|Clefable, M|90/100
|move|p2a: Rotom|Volt Switch|p1a: Free Lebanon
|-damage|p1a: Free Lebanon|72/100
|
|t:|1781432588
|switch|p2a: Iron Valiant|Iron Valiant|100/100|[from] Volt Switch
|
|upkeep
|turn|36
|
|t:|1781432591
|move|p2a: Iron Valiant|Destiny Bond|p2a: Iron Valiant
|-singlemove|p2a: Iron Valiant|Destiny Bond
|move|p1a: Free Lebanon|Moonblast|p2a: Iron Valiant
|-supereffective|p2a: Iron Valiant
|-damage|p2a: Iron Valiant|0 fnt
|faint|p2a: Iron Valiant
|-activate|p2a: Iron Valiant|move: Destiny Bond
|-end|p2a: Iron Valiant|Quark Drive|[silent]
|faint|p1a: Free Lebanon
|
|upkeep
|
|t:|1781432600
|switch|p2a: Samurott|Samurott-Hisui, M, tera:Dark|72/100
|switch|p1a: 808 and curses|Dondozo, M|79/100
|turn|37
|
|t:|1781432608
|switch|p2a: Rotom|Rotom-Wash|53/100 tox
|move|p1a: 808 and curses|Curse|p1a: 808 and curses
|-unboost|p1a: 808 and curses|spe|1
|-boost|p1a: 808 and curses|atk|1
|-boost|p1a: 808 and curses|def|1
|
|-heal|p1a: 808 and curses|85/100|[from] item: Leftovers
|-damage|p2a: Rotom|47/100 tox|[from] psn
|upkeep
|turn|38
|
|t:|1781432617
|move|p2a: Rotom|Electric Terrain|p2a: Rotom
|-fieldstart|move: Electric Terrain
|move|p1a: 808 and curses|Waterfall|p2a: Rotom
|-resisted|p2a: Rotom
|-damage|p2a: Rotom|30/100 tox
|
|-heal|p1a: 808 and curses|92/100|[from] item: Leftovers
|-damage|p2a: Rotom|18/100 tox|[from] psn
|upkeep
|turn|39
|
|t:|1781432623
|switch|p1a: Save Sudan|Slowking-Galar, M|81/100
|move|p2a: Rotom|Pain Split|p1a: Save Sudan
|-sethp|p1a: Save Sudan|48/100|[from] move: Pain Split|[silent]
|-sethp|p2a: Rotom|55/100 tox|[from] move: Pain Split
|
|-damage|p2a: Rotom|36/100 tox|[from] psn
|upkeep
|turn|40
|
|t:|1781432626
|move|p1a: Save Sudan|Sludge Bomb|p2a: Rotom
|-damage|p2a: Rotom|0 fnt
|faint|p2a: Rotom
|
|upkeep
|
|t:|1781432631
|switch|p2a: Samurott|Samurott-Hisui, M, tera:Dark|72/100
|turn|41
|
|t:|1781432635
|switch|p1a: Trump is low IQ|Corviknight, M|71/100
|-ability|p1a: Trump is low IQ|Pressure
|move|p2a: Samurott|Ceaseless Edge|p1a: Trump is low IQ
|-damage|p1a: Trump is low IQ|21/100
|-sidestart|p1: Trainer #39|Spikes
|
|upkeep
|turn|42
|
|t:|1781432637
|move|p2a: Samurott|Ceaseless Edge|p1a: Trump is low IQ
|-crit|p1a: Trump is low IQ
|-damage|p1a: Trump is low IQ|0 fnt
|-sidestart|p1: Trainer #39|Spikes
|faint|p1a: Trump is low IQ
|
|upkeep
|
|t:|1781432640
|switch|p1a: 808 and curses|Dondozo, M|92/100
|-damage|p1a: 808 and curses|75/100|[from] Spikes
|turn|43
|
|t:|1781432644
|move|p2a: Samurott|Ceaseless Edge|p1a: 808 and curses
|-damage|p1a: 808 and curses|36/100
|-sidestart|p1: Trainer #39|Spikes
|move|p1a: 808 and curses|Curse|p1a: 808 and curses
|-unboost|p1a: 808 and curses|spe|1
|-boost|p1a: 808 and curses|atk|1
|-boost|p1a: 808 and curses|def|1
|
|-heal|p1a: 808 and curses|43/100|[from] item: Leftovers
|upkeep
|turn|44
|
|t:|1781432647
|move|p2a: Samurott|Ceaseless Edge|p1a: 808 and curses
|-damage|p1a: 808 and curses|18/100
|move|p1a: 808 and curses|Rest||[still]
|-activate|p1a: 808 and curses|move: Electric Terrain
|-fail|p1a: 808 and curses
|
|-heal|p1a: 808 and curses|24/100|[from] item: Leftovers
|upkeep
|turn|45
|
|t:|1781432653
|move|p2a: Samurott|Ceaseless Edge|p1a: 808 and curses
|-damage|p1a: 808 and curses|0 fnt
|faint|p1a: 808 and curses
|
|-fieldend|move: Electric Terrain
|upkeep
|c|☆thelarpinglarper|gg
|l|☆Trainer #39
|inactive|Trainer #39 disconnected and has a minute to reconnect!
|player|p1|
|inactive|Trainer #39 has 30 seconds to reconnect!
|inactive|Trainer #39 has 20 seconds to reconnect!
|inactive|Trainer #39 has 15 seconds to reconnect!
|inactive|Trainer #39 has 10 seconds to reconnect!
|inactive|Trainer #39 has 5 seconds to reconnect!
|-message|Trainer #39 lost due to inactivity.
|
|win|thelarpinglarper
|raw|Trainer #39's rating: 1795 &rarr; <strong>1772</strong><br />(-23 for losing)
|raw|thelarpinglarper's rating: 1751 &rarr; <strong>1774</strong><br />(+23 for winning)
|l|☆thelarpinglarper
|player|p2|
