|j|☆Rj yoip
|j|☆rblt ryo
|t:|1781547798
|gametype|singles
|player|p1|Rj yoip|caitlin-masters|1707
|player|p2|rblt ryo|grimsley-gen7|1708
|gen|9
|tier|[Gen 9] OU
|rated|
|rule|HP Percentage Mod: HP is shown in percentages
|rule|Endless Battle Clause: Forcing endless battles is banned
|rule|Species Clause: Limit one of each Pokémon
|rule|OHKO Clause: OHKO moves are banned
|rule|Evasion Items Clause: Evasion items are banned
|rule|Evasion Moves Clause: Evasion moves are banned
|rule|Evasion Abilities Clause: Evasion abilities are banned
|rule|Sleep Moves Clause: Sleep-inducing moves are banned
|clearpoke
|poke|p1|Tyranitar, F|
|poke|p1|Hydrapple, M|
|poke|p1|Enamorus, F|
|poke|p1|Garganacl, M|
|poke|p1|Excadrill, M|
|poke|p1|Alomomola, F|
|poke|p2|Ting-Lu|
|poke|p2|Corviknight, F|
|poke|p2|Hatterene, F|
|poke|p2|Amoonguss, F|
|poke|p2|Dondozo, F|
|poke|p2|Hoopa-Unbound|
|teampreview
|inactive|Battle timer is ON: inactive players will automatically lose when time's up. (requested by Rj yoip)
|inactive|rblt ryo has 120 seconds left.
|
|t:|1781547858
|teamsize|p1|6
|teamsize|p2|6
|start
|switch|p1a: Alomomola|Alomomola, F|100/100
|switch|p2a: Hoopa|Hoopa-Unbound|100/100
|turn|1
|inactive|Rj yoip has 120 seconds left.
|inactive|rblt ryo has 120 seconds left.
|
|t:|1781547916
|move|p2a: Hoopa|Knock Off|p1a: Alomomola
|-damage|p1a: Alomomola|62/100
|-enditem|p1a: Alomomola|Assault Vest|[from] move: Knock Off|[of] p2a: Hoopa
|move|p1a: Alomomola|Flip Turn|p2a: Hoopa
|-damage|p2a: Hoopa|84/100
|inactive|Rj yoip has 90 seconds left.
|
|t:|1781547948
|switch|p1a: Tyranitar|Tyranitar, F|100/100|[from] Flip Turn
|-weather|Sandstorm|[from] ability: Sand Stream|[of] p1a: Tyranitar
|
|-weather|Sandstorm|[upkeep]
|-damage|p2a: Hoopa|78/100|[from] Sandstorm
|upkeep
|turn|2
|
|t:|1781547960
|switch|p2a: Corviknight|Corviknight, F|100/100
|-ability|p2a: Corviknight|Pressure
|move|p1a: Tyranitar|Knock Off|p2a: Corviknight
|-damage|p2a: Corviknight|46/100
|-damage|p1a: Tyranitar|84/100|[from] item: Rocky Helmet|[of] p2a: Corviknight
|-enditem|p2a: Corviknight|Rocky Helmet|[from] move: Knock Off|[of] p1a: Tyranitar
|
|-weather|Sandstorm|[upkeep]
|upkeep
|turn|3
|
|t:|1781547973
|switch|p1a: Garganacl|Garganacl, M|100/100
|move|p2a: Corviknight|Roost|p2a: Corviknight
|-heal|p2a: Corviknight|96/100
|-singleturn|p2a: Corviknight|move: Roost
|
|-weather|Sandstorm|[upkeep]
|upkeep
|turn|4
|
|t:|1781547990
|switch|p2a: Hatterene|Hatterene, F|100/100
|move|p1a: Garganacl|Salt Cure|p2a: Hatterene
|-damage|p2a: Hatterene|88/100
|-start|p2a: Hatterene|Salt Cure
|
|-weather|Sandstorm|[upkeep]
|-damage|p2a: Hatterene|82/100|[from] Sandstorm
|-heal|p2a: Hatterene|88/100|[from] item: Leftovers
|-damage|p2a: Hatterene|76/100|[from] Salt Cure
|upkeep
|turn|5
|
|t:|1781548004
|switch|p1a: Alomomola|Alomomola, F|96/100
|switch|p2a: Amoonguss|Amoonguss, F|100/100
|
|-weather|none
|upkeep
|turn|6
|inactive|Rj yoip has 120 seconds left.
|
|t:|1781548021
|move|p1a: Alomomola|Flip Turn|p2a: Amoonguss
|-resisted|p2a: Amoonguss
|-damage|p2a: Amoonguss|94/100
|
|t:|1781548026
|switch|p1a: Tyranitar|Tyranitar, F|84/100|[from] Flip Turn
|-weather|Sandstorm|[from] ability: Sand Stream|[of] p1a: Tyranitar
|move|p2a: Amoonguss|Stun Spore|p1a: Tyranitar
|-status|p1a: Tyranitar|par
|
|-weather|Sandstorm|[upkeep]
|-damage|p2a: Amoonguss|88/100|[from] Sandstorm
|upkeep
|turn|7
|
|t:|1781548036
|switch|p2a: Ting-Lu|Ting-Lu|100/100
|-ability|p2a: Ting-Lu|Vessel of Ruin
|move|p1a: Tyranitar|Stone Edge|p2a: Ting-Lu|[miss]
|-miss|p1a: Tyranitar|p2a: Ting-Lu
|
|-weather|Sandstorm|[upkeep]
|upkeep
|turn|8
|
|t:|1781548049
|switch|p1a: Alomomola|Alomomola, F|100/100
|move|p2a: Ting-Lu|Payback|p1a: Alomomola
|-damage|p1a: Alomomola|88/100
|
|-weather|Sandstorm|[upkeep]
|-damage|p1a: Alomomola|82/100|[from] Sandstorm
|upkeep
|turn|9
|inactive|Rj yoip has 120 seconds left.
|
|t:|1781548074
|move|p2a: Ting-Lu|Earthquake|p1a: Alomomola
|-damage|p1a: Alomomola|57/100
|move|p1a: Alomomola|Scald|p2a: Ting-Lu
|-supereffective|p2a: Ting-Lu
|-damage|p2a: Ting-Lu|90/100
|-status|p2a: Ting-Lu|brn
|
|-weather|Sandstorm|[upkeep]
|-damage|p1a: Alomomola|51/100|[from] Sandstorm
|-heal|p2a: Ting-Lu|96/100 brn|[from] item: Leftovers
|-damage|p2a: Ting-Lu|90/100 brn|[from] brn
|upkeep
|turn|10
|
|t:|1781548083
|move|p2a: Ting-Lu|Rest|p2a: Ting-Lu
|-status|p2a: Ting-Lu|slp|[from] move: Rest
|-heal|p2a: Ting-Lu|100/100 slp|[silent]
|move|p1a: Alomomola|Flip Turn|p2a: Ting-Lu
|-supereffective|p2a: Ting-Lu
|-damage|p2a: Ting-Lu|81/100 slp
|
|t:|1781548089
|switch|p1a: Hydrapple|Hydrapple, M|100/100|[from] Flip Turn
|
|-weather|none
|-heal|p2a: Ting-Lu|87/100 slp|[from] item: Leftovers
|upkeep
|turn|11
|j| Soumya Ukil
|
|t:|1781548092
|switch|p2a: Hoopa|Hoopa-Unbound|78/100
|move|p1a: Hydrapple|Nasty Plot|p1a: Hydrapple
|-boost|p1a: Hydrapple|spa|2
|
|upkeep
|turn|12
|inactive|Rj yoip has 120 seconds left.
|inactive|rblt ryo has 120 seconds left.
|
|t:|1781548130
|move|p2a: Hoopa|Knock Off|p1a: Hydrapple
|-damage|p1a: Hydrapple|71/100
|-damage|p2a: Hoopa|61/100|[from] item: Rocky Helmet|[of] p1a: Hydrapple
|-enditem|p1a: Hydrapple|Rocky Helmet|[from] move: Knock Off|[of] p2a: Hoopa
|move|p1a: Hydrapple|Fickle Beam|p2a: Hoopa
|-damage|p2a: Hoopa|28/100
|
|upkeep
|turn|13
|
|t:|1781548137
|move|p2a: Hoopa|Ice Punch|p1a: Hydrapple
|-supereffective|p1a: Hydrapple
|-damage|p1a: Hydrapple|2/100
|move|p1a: Hydrapple|Giga Drain|p2a: Hoopa
|-damage|p2a: Hoopa|0 fnt
|-heal|p1a: Hydrapple|14/100|[from] drain|[of] p2a: Hoopa
|faint|p2a: Hoopa
|
|upkeep
|inactive|rblt ryo has 120 seconds left.
|
|t:|1781548171
|switch|p2a: Corviknight|Corviknight, F|96/100
|-ability|p2a: Corviknight|Pressure
|turn|14
|
|t:|1781548189
|switch|p1a: Alomomola|Alomomola, F|84/100
|move|p2a: Corviknight|Iron Defense|p2a: Corviknight
|-boost|p2a: Corviknight|def|2
|
|upkeep
|turn|15
|
|t:|1781548198
|move|p2a: Corviknight|Body Press|p1a: Alomomola
|-crit|p1a: Alomomola
|-damage|p1a: Alomomola|29/100
|move|p1a: Alomomola|Scald|p2a: Corviknight
|-damage|p2a: Corviknight|83/100
|
|upkeep
|turn|16
|
|t:|1781548205
|switch|p1a: Enamorus|Enamorus, F|100/100
|move|p2a: Corviknight|Body Press|p1a: Enamorus
|-resisted|p1a: Enamorus
|-damage|p1a: Enamorus|81/100
|
|upkeep
|turn|17
|inactive|rblt ryo has 120 seconds left.
|
|t:|1781548214
|switch|p2a: Dondozo|Dondozo, F|100/100
|move|p1a: Enamorus|Mystical Fire|p2a: Dondozo
|-resisted|p2a: Dondozo
|-damage|p2a: Dondozo|91/100
|-unboost|p2a: Dondozo|spa|1
|
|-heal|p2a: Dondozo|97/100|[from] item: Leftovers
|upkeep
|turn|18
|inactive|rblt ryo has 120 seconds left.
|j| BiscoitoXDBr
|
|t:|1781548239
|switch|p1a: Hydrapple|Hydrapple, M|48/100
|switch|p2a: Hatterene|Hatterene, F|76/100
|
|-heal|p2a: Hatterene|82/100|[from] item: Leftovers
|upkeep
|turn|19
|
|t:|1781548251
|switch|p1a: Alomomola|Alomomola, F|62/100
|move|p2a: Hatterene|Calm Mind|p2a: Hatterene
|-boost|p2a: Hatterene|spa|1
|-boost|p2a: Hatterene|spd|1
|
|-heal|p2a: Hatterene|88/100|[from] item: Leftovers
|upkeep
|turn|20
|
|t:|1781548256
|move|p1a: Alomomola|Flip Turn|p2a: Hatterene
|-damage|p2a: Hatterene|73/100
|
|t:|1781548271
|switch|p1a: Tyranitar|Tyranitar, F|84/100 par|[from] Flip Turn
|-weather|Sandstorm|[from] ability: Sand Stream|[of] p1a: Tyranitar
|move|p2a: Hatterene|Calm Mind|p2a: Hatterene
|-boost|p2a: Hatterene|spa|1
|-boost|p2a: Hatterene|spd|1
|
|-weather|Sandstorm|[upkeep]
|-damage|p2a: Hatterene|67/100|[from] Sandstorm
|-heal|p2a: Hatterene|73/100|[from] item: Leftovers
|upkeep
|turn|21
|inactive|rblt ryo has 120 seconds left.
|
|t:|1781548289
|switch|p2a: Corviknight|Corviknight, F|83/100
|-ability|p2a: Corviknight|Pressure
|move|p1a: Tyranitar|Knock Off|p2a: Corviknight
|-damage|p2a: Corviknight|50/100
|
|-weather|Sandstorm|[upkeep]
|upkeep
|turn|22
|inactive|rblt ryo has 120 seconds left.
|
|t:|1781548297
|switch|p1a: Garganacl|Garganacl, M|100/100
|move|p2a: Corviknight|Roost|p2a: Corviknight
|-heal|p2a: Corviknight|99/100
|-singleturn|p2a: Corviknight|move: Roost
|
|-weather|Sandstorm|[upkeep]
|upkeep
|turn|23
|
|t:|1781548306
|switch|p2a: Amoonguss|Amoonguss, F|100/100
|move|p1a: Garganacl|Salt Cure|p2a: Amoonguss
|-damage|p2a: Amoonguss|91/100
|-start|p2a: Amoonguss|Salt Cure
|
|-weather|Sandstorm|[upkeep]
|-damage|p2a: Amoonguss|85/100|[from] Sandstorm
|-damage|p2a: Amoonguss|72/100|[from] Salt Cure
|upkeep
|turn|24
|
|t:|1781548311
|switch|p2a: Hatterene|Hatterene, F|73/100
|move|p1a: Garganacl|Stealth Rock|p2a: Hatterene
|move|p2a: Hatterene|Stealth Rock|p1a: Garganacl|[from] ability: Magic Bounce
|-sidestart|p1: Rj yoip|move: Stealth Rock
|
|-weather|none
|-heal|p2a: Hatterene|79/100|[from] item: Leftovers
|upkeep
|turn|25
|
|t:|1781548320
|move|p1a: Garganacl|Salt Cure|p2a: Hatterene
|-damage|p2a: Hatterene|68/100
|-start|p2a: Hatterene|Salt Cure
|move|p2a: Hatterene|Calm Mind|p2a: Hatterene
|-boost|p2a: Hatterene|spa|1
|-boost|p2a: Hatterene|spd|1
|
|-heal|p2a: Hatterene|74/100|[from] item: Leftovers
|-damage|p2a: Hatterene|62/100|[from] Salt Cure
|upkeep
|turn|26
|
|t:|1781548324
|switch|p1a: Excadrill|Excadrill, M|100/100
|-damage|p1a: Excadrill|97/100|[from] Stealth Rock
|move|p2a: Hatterene|Draining Kiss|p1a: Excadrill
|-resisted|p1a: Excadrill
|-damage|p1a: Excadrill|73/100
|-heal|p2a: Hatterene|82/100|[from] drain|[of] p1a: Excadrill
|
|-heal|p1a: Excadrill|79/100|[from] item: Leftovers
|-heal|p2a: Hatterene|88/100|[from] item: Leftovers
|-damage|p2a: Hatterene|76/100|[from] Salt Cure
|upkeep
|turn|27
|
|t:|1781548328
|move|p1a: Excadrill|Rapid Spin|p2a: Hatterene
|-damage|p2a: Hatterene|62/100
|-boost|p1a: Excadrill|spe|1
|-sideend|p1: Rj yoip|Stealth Rock|[from] move: Rapid Spin|[of] p1a: Excadrill
|move|p2a: Hatterene|Mystical Fire|p1a: Excadrill
|-supereffective|p1a: Excadrill
|-damage|p1a: Excadrill|0 fnt
|faint|p1a: Excadrill
|
|-heal|p2a: Hatterene|68/100|[from] item: Leftovers
|-damage|p2a: Hatterene|56/100|[from] Salt Cure
|upkeep
|
|t:|1781548331
|switch|p1a: Tyranitar|Tyranitar, F|84/100 par
|-weather|Sandstorm|[from] ability: Sand Stream|[of] p1a: Tyranitar
|turn|28
|
|t:|1781548338
|switch|p2a: Amoonguss|Amoonguss, F|100/100
|move|p1a: Tyranitar|Stone Edge|p2a: Amoonguss
|-damage|p2a: Amoonguss|36/100
|
|-weather|Sandstorm|[upkeep]
|-damage|p2a: Amoonguss|30/100|[from] Sandstorm
|upkeep
|turn|29
|
|t:|1781548350
|switch|p1a: Hydrapple|Hydrapple, M|81/100
|move|p2a: Amoonguss|Sludge Bomb|p1a: Hydrapple
|-supereffective|p1a: Hydrapple
|-damage|p1a: Hydrapple|30/100
|
|-weather|Sandstorm|[upkeep]
|-damage|p1a: Hydrapple|24/100|[from] Sandstorm
|-damage|p2a: Amoonguss|24/100|[from] Sandstorm
|upkeep
|turn|30
|
|t:|1781548359
|switch|p1a: Garganacl|Garganacl, M|100/100
|switch|p2a: Corviknight|Corviknight, F|99/100
|-ability|p2a: Corviknight|Pressure
|
|-weather|Sandstorm|[upkeep]
|upkeep
|turn|31
|
|t:|1781548376
|switch|p2a: Ting-Lu|Ting-Lu|87/100 slp
|-ability|p2a: Ting-Lu|Vessel of Ruin
|move|p1a: Garganacl|Salt Cure|p2a: Ting-Lu
|-resisted|p2a: Ting-Lu
|-damage|p2a: Ting-Lu|83/100 slp
|-start|p2a: Ting-Lu|Salt Cure
|
|-weather|Sandstorm|[upkeep]
|-heal|p2a: Ting-Lu|89/100 slp|[from] item: Leftovers
|-damage|p2a: Ting-Lu|77/100 slp|[from] Salt Cure
|upkeep
|turn|32
|
|t:|1781548388
|cant|p2a: Ting-Lu|slp
|move|p2a: Ting-Lu|Sleep Talk|p2a: Ting-Lu
|move|p2a: Ting-Lu|Payback|p1a: Garganacl|[from] move: Sleep Talk
|-damage|p1a: Garganacl|89/100
|move|p1a: Garganacl|Salt Cure|p2a: Ting-Lu
|-resisted|p2a: Ting-Lu
|-damage|p2a: Ting-Lu|73/100 slp
|
|-weather|none
|-heal|p2a: Ting-Lu|80/100 slp|[from] item: Leftovers
|-heal|p1a: Garganacl|95/100|[from] item: Leftovers
|-damage|p2a: Ting-Lu|67/100 slp|[from] Salt Cure
|upkeep
|turn|33
|l| BiscoitoXDBr
|
|t:|1781548396
|switch|p2a: Hatterene|Hatterene, F|56/100
|switch|p1a: Hydrapple|Hydrapple, M|58/100
|
|-heal|p2a: Hatterene|62/100|[from] item: Leftovers
|upkeep
|turn|34
|
|t:|1781548404
|switch|p1a: Alomomola|Alomomola, F|95/100
|move|p2a: Hatterene|Draining Kiss|p1a: Alomomola
|-damage|p1a: Alomomola|78/100
|-heal|p2a: Hatterene|82/100|[from] drain|[of] p1a: Alomomola
|
|-heal|p2a: Hatterene|88/100|[from] item: Leftovers
|upkeep
|turn|35
|
|t:|1781548412
|move|p1a: Alomomola|Flip Turn|p2a: Hatterene
|-damage|p2a: Hatterene|74/100
|
|t:|1781548421
|switch|p1a: Tyranitar|Tyranitar, F|84/100 par|[from] Flip Turn
|-weather|Sandstorm|[from] ability: Sand Stream|[of] p1a: Tyranitar
|move|p2a: Hatterene|Calm Mind|p2a: Hatterene
|-boost|p2a: Hatterene|spa|1
|-boost|p2a: Hatterene|spd|1
|
|-weather|Sandstorm|[upkeep]
|-damage|p2a: Hatterene|68/100|[from] Sandstorm
|-heal|p2a: Hatterene|74/100|[from] item: Leftovers
|upkeep
|turn|36
|
|t:|1781548429
|switch|p2a: Corviknight|Corviknight, F|99/100
|-ability|p2a: Corviknight|Pressure
|cant|p1a: Tyranitar|par
|
|-weather|Sandstorm|[upkeep]
|upkeep
|turn|37
|
|t:|1781548437
|switch|p2a: Hatterene|Hatterene, F|74/100
|switch|p1a: Hydrapple|Hydrapple, M|91/100
|
|-weather|Sandstorm|[upkeep]
|-damage|p1a: Hydrapple|85/100|[from] Sandstorm
|-damage|p2a: Hatterene|68/100|[from] Sandstorm
|-heal|p2a: Hatterene|74/100|[from] item: Leftovers
|upkeep
|turn|38
|j| Crystraco
|
|t:|1781548445
|switch|p1a: Alomomola|Alomomola, F|100/100
|move|p2a: Hatterene|Draining Kiss|p1a: Alomomola
|-damage|p1a: Alomomola|81/100
|-heal|p2a: Hatterene|95/100|[from] drain|[of] p1a: Alomomola
|
|-weather|Sandstorm|[upkeep]
|-damage|p1a: Alomomola|75/100|[from] Sandstorm
|-damage|p2a: Hatterene|89/100|[from] Sandstorm
|-heal|p2a: Hatterene|95/100|[from] item: Leftovers
|upkeep
|turn|39
|
|t:|1781548449
|move|p1a: Alomomola|Flip Turn|p2a: Hatterene
|-damage|p2a: Hatterene|83/100
|
|t:|1781548455
|switch|p1a: Garganacl|Garganacl, M|95/100|[from] Flip Turn
|move|p2a: Hatterene|Calm Mind|p2a: Hatterene
|-boost|p2a: Hatterene|spa|1
|-boost|p2a: Hatterene|spd|1
|
|-weather|none
|-heal|p1a: Garganacl|100/100|[from] item: Leftovers
|-heal|p2a: Hatterene|89/100|[from] item: Leftovers
|upkeep
|turn|40
|
|t:|1781548460
|move|p1a: Garganacl|Salt Cure|p2a: Hatterene
|-damage|p2a: Hatterene|78/100
|-start|p2a: Hatterene|Salt Cure
|move|p2a: Hatterene|Calm Mind|p2a: Hatterene
|-boost|p2a: Hatterene|spa|1
|-boost|p2a: Hatterene|spd|1
|
|-heal|p2a: Hatterene|84/100|[from] item: Leftovers
|-damage|p2a: Hatterene|71/100|[from] Salt Cure
|upkeep
|turn|41
|
|t:|1781548464
|switch|p1a: Alomomola|Alomomola, F|100/100
|move|p2a: Hatterene|Calm Mind|p2a: Hatterene
|-boost|p2a: Hatterene|spa|1
|-boost|p2a: Hatterene|spd|1
|
|-heal|p2a: Hatterene|77/100|[from] item: Leftovers
|-damage|p2a: Hatterene|65/100|[from] Salt Cure
|upkeep
|turn|42
|
|t:|1781548467
|move|p2a: Hatterene|Calm Mind|p2a: Hatterene
|-boost|p2a: Hatterene|spa|1
|-boost|p2a: Hatterene|spd|1
|move|p1a: Alomomola|Mirror Coat||[still]
|-fail|p1a: Alomomola
|
|-heal|p2a: Hatterene|71/100|[from] item: Leftovers
|-damage|p2a: Hatterene|59/100|[from] Salt Cure
|upkeep
|turn|43
|
|t:|1781548469
|move|p2a: Hatterene|Pain Split|p1a: Alomomola
|-sethp|p1a: Alomomola|70/100|[from] move: Pain Split|[silent]
|-sethp|p2a: Hatterene|100/100|[from] move: Pain Split
|move|p1a: Alomomola|Mirror Coat||[still]
|-fail|p1a: Alomomola
|
|-damage|p2a: Hatterene|88/100|[from] Salt Cure
|upkeep
|turn|44
|
|t:|1781548481
|move|p1a: Alomomola|Flip Turn|p2a: Hatterene
|-damage|p2a: Hatterene|75/100
|
|t:|1781548485
|switch|p1a: Tyranitar|Tyranitar, F|84/100 par|[from] Flip Turn
|-weather|Sandstorm|[from] ability: Sand Stream|[of] p1a: Tyranitar
|move|p2a: Hatterene|Draining Kiss|p1a: Tyranitar
|-supereffective|p1a: Tyranitar
|-damage|p1a: Tyranitar|0 fnt
|-heal|p2a: Hatterene|100/100|[from] drain|[of] p1a: Tyranitar
|faint|p1a: Tyranitar
|
|-weather|Sandstorm|[upkeep]
|-damage|p2a: Hatterene|95/100|[from] Sandstorm
|-heal|p2a: Hatterene|100/100|[from] item: Leftovers
|-damage|p2a: Hatterene|88/100|[from] Salt Cure
|upkeep
|-message|Rj yoip forfeited.
|
|win|rblt ryo
|raw|Rj yoip's rating: 1707 &rarr; <strong>1687</strong><br />(-20 for losing)
|raw|rblt ryo's rating: 1708 &rarr; <strong>1728</strong><br />(+20 for winning)
|l|☆Rj yoip
|player|p1|
|l| Soumya Ukil
