|badge|p1|silver|gen9ou|30-9
|uhtml|medal-msg|<div class="broadcast-blue">Curious what those medals under the avatar are? PS now has Ladder Seasons! For more information, check out the <a href="https://www.smogon.com/forums/threads/3740067/">thread on Smogon.</a></div>
|badge|p2|silver|gen9ou|30-9
|badge|p2|bronze|gen9pu|100-9
|uhtml|medal-msg|<div class="broadcast-blue">Curious what those medals under the avatar are? PS now has Ladder Seasons! For more information, check out the <a href="https://www.smogon.com/forums/threads/3740067/">thread on Smogon.</a></div>
|j|☆AnonymousJon
|j|☆ceo o wo chien
|t:|1781403815
|gametype|singles
|player|p1|AnonymousJon|workerice|1841
|player|p2|ceo o wo chien|fisherman-gen4|1916
|gen|9
|tier|[Gen 9] OU
|rated|
|rule|HP Percentage Mod: HP is shown in percentages
|rule|Endless Battle Clause: Forcing endless battles is banned
|rule|Species Clause: Limit one of each Pokémon
|rule|OHKO Clause: OHKO moves are banned
|rule|Evasion Items Clause: Evasion items are banned
|rule|Evasion Moves Clause: Evasion moves are banned
|rule|Evasion Abilities Clause: Evasion abilities are banned
|rule|Sleep Moves Clause: Sleep-inducing moves are banned
|clearpoke
|poke|p1|Great Tusk|
|poke|p1|Ogerpon-Cornerstone, F|
|poke|p1|Rillaboom, M|
|poke|p1|Tyranitar, F|
|poke|p1|Corviknight, F|
|poke|p1|Dragapult, M|
|poke|p2|Wo-Chien|
|poke|p2|Weezing-Galar, M|
|poke|p2|Alomomola, M|
|poke|p2|Iron Treads|
|poke|p2|Latios, M|
|poke|p2|Zamazenta-*|
|teampreview
|inactive|Battle timer is ON: inactive players will automatically lose when time's up. (requested by ceo o wo chien)
|inactive|AnonymousJon also wants the timer to be on.
|c|☆AnonymousJon|glhf
|c|☆ceo o wo chien|hf!
|
|t:|1781403829
|teamsize|p1|6
|teamsize|p2|6
|start
|switch|p1a: Ogerpon|Ogerpon-Cornerstone, F|100/100
|switch|p2a: Weezing|Weezing-Galar, M|100/100
|turn|1
|
|t:|1781403833
|switch|p1a: Tyranitar|Tyranitar, F|100/100
|-weather|Sandstorm|[from] ability: Sand Stream|[of] p1a: Tyranitar
|move|p2a: Weezing|Sludge Bomb|p1a: Tyranitar
|-resisted|p1a: Tyranitar
|-damage|p1a: Tyranitar|89/100
|-status|p1a: Tyranitar|psn
|
|-weather|Sandstorm|[upkeep]
|-damage|p2a: Weezing|95/100|[from] Sandstorm
|-heal|p1a: Tyranitar|96/100 psn|[from] item: Leftovers
|-damage|p1a: Tyranitar|83/100 psn|[from] psn
|upkeep
|turn|2
|
|t:|1781403839
|switch|p2a: Iron Treads|Iron Treads|100/100
|move|p1a: Tyranitar|Stealth Rock|p2a: Iron Treads
|-sidestart|p2: ceo o wo chien|move: Stealth Rock
|
|-weather|Sandstorm|[upkeep]
|-heal|p1a: Tyranitar|89/100 psn|[from] item: Leftovers
|-damage|p1a: Tyranitar|77/100 psn|[from] psn
|upkeep
|turn|3
|
|t:|1781403846
|switch|p1a: Great Tusk|Great Tusk|100/100
|move|p2a: Iron Treads|Knock Off|p1a: Great Tusk
|-resisted|p1a: Great Tusk
|-damage|p1a: Great Tusk|93/100
|-enditem|p1a: Great Tusk|Assault Vest|[from] move: Knock Off|[of] p2a: Iron Treads
|
|-weather|Sandstorm|[upkeep]
|upkeep
|turn|4
|
|t:|1781403851
|-end|p2a: Iron Treads|Quark Drive|[silent]
|switch|p2a: Weezing|Weezing-Galar, M|95/100
|-damage|p2a: Weezing|82/100|[from] Stealth Rock
|move|p1a: Great Tusk|Headlong Rush|p2a: Weezing
|-immune|p2a: Weezing|[from] ability: Levitate
|
|-weather|Sandstorm|[upkeep]
|-damage|p2a: Weezing|77/100|[from] Sandstorm
|upkeep
|turn|5
|
|t:|1781403856
|move|p1a: Great Tusk|Temper Flare|p2a: Weezing
|-damage|p2a: Weezing|21/100
|move|p2a: Weezing|Strange Steam|p1a: Great Tusk
|-supereffective|p1a: Great Tusk
|-damage|p1a: Great Tusk|0 fnt
|faint|p1a: Great Tusk
|-end|p1a: Great Tusk|Protosynthesis|[silent]
|
|-weather|none
|upkeep
|
|t:|1781403863
|switch|p1a: Dragapult|Dragapult, M|100/100
|turn|6
|
|t:|1781403868
|switch|p2a: Wo-Chien|Wo-Chien|100/100
|-damage|p2a: Wo-Chien|88/100|[from] Stealth Rock
|-ability|p2a: Wo-Chien|Tablets of Ruin
|move|p1a: Dragapult|Substitute|p1a: Dragapult
|-start|p1a: Dragapult|Substitute
|-damage|p1a: Dragapult|76/100
|
|-heal|p1a: Dragapult|82/100|[from] item: Leftovers
|-heal|p2a: Wo-Chien|94/100|[from] item: Leftovers
|upkeep
|turn|7
|
|t:|1781403872
|move|p1a: Dragapult|Will-O-Wisp|p2a: Wo-Chien
|-status|p2a: Wo-Chien|brn
|move|p2a: Wo-Chien|Foul Play|p1a: Dragapult
|-supereffective|p1a: Dragapult
|-end|p1a: Dragapult|Substitute
|
|-heal|p1a: Dragapult|88/100|[from] item: Leftovers
|-heal|p2a: Wo-Chien|100/100 brn|[from] item: Leftovers
|-damage|p2a: Wo-Chien|94/100 brn|[from] brn
|upkeep
|turn|8
|
|t:|1781403877
|switch|p1a: Corviknight|Corviknight, F|100/100
|-ability|p1a: Corviknight|Pressure
|move|p2a: Wo-Chien|Foul Play|p1a: Corviknight
|-damage|p1a: Corviknight|91/100
|-damage|p2a: Wo-Chien|78/100 brn|[from] item: Rocky Helmet|[of] p1a: Corviknight
|
|-heal|p2a: Wo-Chien|84/100 brn|[from] item: Leftovers
|-damage|p2a: Wo-Chien|78/100 brn|[from] brn
|upkeep
|turn|9
|
|t:|1781403879
|move|p2a: Wo-Chien|Stun Spore|p1a: Corviknight
|-status|p1a: Corviknight|par
|move|p1a: Corviknight|U-turn|p2a: Wo-Chien
|-supereffective|p2a: Wo-Chien
|-damage|p2a: Wo-Chien|49/100 brn
|
|t:|1781403884
|switch|p1a: Rillaboom|Rillaboom, M|100/100|[from] U-turn
|-fieldstart|move: Grassy Terrain|[from] ability: Grassy Surge|[of] p1a: Rillaboom
|
|-heal|p2a: Wo-Chien|55/100 brn|[from] Grassy Terrain
|-heal|p2a: Wo-Chien|61/100 brn|[from] item: Leftovers
|-damage|p2a: Wo-Chien|55/100 brn|[from] brn
|upkeep
|turn|10
|
|t:|1781403888
|move|p2a: Wo-Chien|Protect|p2a: Wo-Chien
|-singleturn|p2a: Wo-Chien|Protect
|move|p1a: Rillaboom|U-turn|p2a: Wo-Chien
|-activate|p2a: Wo-Chien|move: Protect
|
|-heal|p2a: Wo-Chien|61/100 brn|[from] Grassy Terrain
|-heal|p2a: Wo-Chien|67/100 brn|[from] item: Leftovers
|-damage|p2a: Wo-Chien|61/100 brn|[from] brn
|upkeep
|turn|11
|
|t:|1781403891
|switch|p2a: Iron Treads|Iron Treads|100/100
|-damage|p2a: Iron Treads|97/100|[from] Stealth Rock
|move|p1a: Rillaboom|U-turn|p2a: Iron Treads
|-resisted|p2a: Iron Treads
|-damage|p2a: Iron Treads|82/100
|
|t:|1781403895
|switch|p1a: Ogerpon|Ogerpon-Cornerstone, F|100/100|[from] U-turn
|
|-heal|p2a: Iron Treads|88/100|[from] Grassy Terrain
|-heal|p2a: Iron Treads|94/100|[from] item: Leftovers
|upkeep
|turn|12
|
|t:|1781403897
|move|p1a: Ogerpon|Swords Dance|p1a: Ogerpon
|-boost|p1a: Ogerpon|atk|2
|move|p2a: Iron Treads|Rapid Spin|p1a: Ogerpon
|-resisted|p1a: Ogerpon
|-damage|p1a: Ogerpon|93/100
|-boost|p2a: Iron Treads|spe|1
|-sideend|p2: ceo o wo chien|Stealth Rock|[from] move: Rapid Spin|[of] p2a: Iron Treads
|
|-heal|p2a: Iron Treads|100/100|[from] Grassy Terrain
|-heal|p1a: Ogerpon|99/100|[from] Grassy Terrain
|upkeep
|turn|13
|
|t:|1781403903
|move|p2a: Iron Treads|Earthquake|p1a: Ogerpon
|-damage|p1a: Ogerpon|76/100
|move|p1a: Ogerpon|Horn Leech|p2a: Iron Treads
|-damage|p2a: Iron Treads|18/100
|-heal|p1a: Ogerpon|100/100|[from] drain|[of] p2a: Iron Treads
|
|-heal|p2a: Iron Treads|25/100|[from] Grassy Terrain
|-heal|p2a: Iron Treads|31/100|[from] item: Leftovers
|-fieldend|move: Grassy Terrain
|upkeep
|turn|14
|
|t:|1781403906
|move|p2a: Iron Treads|Earthquake|p1a: Ogerpon
|-damage|p1a: Ogerpon|48/100
|move|p1a: Ogerpon|Horn Leech|p2a: Iron Treads
|-damage|p2a: Iron Treads|0 fnt
|-heal|p1a: Ogerpon|68/100|[from] drain|[of] p2a: Iron Treads
|faint|p2a: Iron Treads
|-end|p2a: Iron Treads|Quark Drive|[silent]
|
|upkeep
|
|t:|1781403908
|switch|p2a: Zamazenta|Zamazenta|100/100
|-ability|p2a: Zamazenta|Dauntless Shield|boost
|-boost|p2a: Zamazenta|def|1
|turn|15
|
|t:|1781403916
|switch|p1a: Corviknight|Corviknight, F|91/100 par
|-ability|p1a: Corviknight|Pressure
|move|p2a: Zamazenta|Crunch|p1a: Corviknight
|-damage|p1a: Corviknight|77/100 par
|-unboost|p1a: Corviknight|def|1
|-damage|p2a: Zamazenta|84/100|[from] item: Rocky Helmet|[of] p1a: Corviknight
|
|-heal|p2a: Zamazenta|90/100|[from] item: Leftovers
|upkeep
|turn|16
|
|t:|1781403927
|move|p2a: Zamazenta|Crunch|p1a: Corviknight
|-damage|p1a: Corviknight|57/100 par
|-damage|p2a: Zamazenta|74/100|[from] item: Rocky Helmet|[of] p1a: Corviknight
|cant|p1a: Corviknight|par
|
|-heal|p2a: Zamazenta|80/100|[from] item: Leftovers
|upkeep
|turn|17
|
|t:|1781403933
|move|p2a: Zamazenta|Body Press|p1a: Corviknight
|-damage|p1a: Corviknight|14/100 par
|-damage|p2a: Zamazenta|63/100|[from] item: Rocky Helmet|[of] p1a: Corviknight
|cant|p1a: Corviknight|par
|
|-heal|p2a: Zamazenta|70/100|[from] item: Leftovers
|upkeep
|turn|18
|
|t:|1781403937
|move|p2a: Zamazenta|Crunch|p1a: Corviknight
|-damage|p1a: Corviknight|0 fnt
|-damage|p2a: Zamazenta|53/100|[from] item: Rocky Helmet|[of] p1a: Corviknight
|faint|p1a: Corviknight
|
|-heal|p2a: Zamazenta|59/100|[from] item: Leftovers
|upkeep
|
|t:|1781403939
|switch|p1a: Dragapult|Dragapult, M|88/100
|turn|19
|
|t:|1781403956
|switch|p1a: Tyranitar|Tyranitar, F|77/100 psn
|-weather|Sandstorm|[from] ability: Sand Stream|[of] p1a: Tyranitar
|switch|p2a: Wo-Chien|Wo-Chien|61/100 brn
|-ability|p2a: Wo-Chien|Tablets of Ruin
|
|-weather|Sandstorm|[upkeep]
|-damage|p2a: Wo-Chien|55/100 brn|[from] Sandstorm
|-heal|p2a: Wo-Chien|61/100 brn|[from] item: Leftovers
|-heal|p1a: Tyranitar|83/100 psn|[from] item: Leftovers
|-damage|p1a: Tyranitar|71/100 psn|[from] psn
|-damage|p2a: Wo-Chien|55/100 brn|[from] brn
|upkeep
|turn|20
|
|t:|1781403963
|move|p2a: Wo-Chien|Foul Play|p1a: Tyranitar
|-resisted|p1a: Tyranitar
|-damage|p1a: Tyranitar|63/100 psn
|move|p1a: Tyranitar|Stealth Rock|p2a: Wo-Chien
|-sidestart|p2: ceo o wo chien|move: Stealth Rock
|
|-weather|Sandstorm|[upkeep]
|-damage|p2a: Wo-Chien|49/100 brn|[from] Sandstorm
|-heal|p2a: Wo-Chien|55/100 brn|[from] item: Leftovers
|-heal|p1a: Tyranitar|69/100 psn|[from] item: Leftovers
|-damage|p1a: Tyranitar|56/100 psn|[from] psn
|-damage|p2a: Wo-Chien|49/100 brn|[from] brn
|upkeep
|turn|21
|
|t:|1781403968
|switch|p1a: Ogerpon|Ogerpon-Cornerstone, F|68/100
|move|p2a: Wo-Chien|Foul Play|p1a: Ogerpon
|-damage|p1a: Ogerpon|36/100
|
|-weather|Sandstorm|[upkeep]
|-damage|p2a: Wo-Chien|43/100 brn|[from] Sandstorm
|-heal|p2a: Wo-Chien|49/100 brn|[from] item: Leftovers
|-damage|p2a: Wo-Chien|43/100 brn|[from] brn
|upkeep
|turn|22
|
|t:|1781403970
|move|p1a: Ogerpon|Low Kick|p2a: Wo-Chien
|-supereffective|p2a: Wo-Chien
|-crit|p2a: Wo-Chien
|-damage|p2a: Wo-Chien|0 fnt
|faint|p2a: Wo-Chien
|
|-weather|Sandstorm|[upkeep]
|upkeep
|
|t:|1781403982
|switch|p2a: Zamazenta|Zamazenta|59/100
|-damage|p2a: Zamazenta|53/100|[from] Stealth Rock
|turn|23
|
|t:|1781403990
|move|p2a: Zamazenta|Crunch|p1a: Ogerpon
|-damage|p1a: Ogerpon|9/100
|move|p1a: Ogerpon|Horn Leech|p2a: Zamazenta
|-damage|p2a: Zamazenta|20/100
|-heal|p1a: Ogerpon|30/100|[from] drain|[of] p2a: Zamazenta
|
|-weather|none
|-heal|p2a: Zamazenta|26/100|[from] item: Leftovers
|upkeep
|turn|24
|j| choispecs ironmoth
|
|t:|1781404002
|move|p2a: Zamazenta|Crunch|p1a: Ogerpon
|-damage|p1a: Ogerpon|5/100
|move|p1a: Ogerpon|Horn Leech|p2a: Zamazenta
|-damage|p2a: Zamazenta|0 fnt
|-heal|p1a: Ogerpon|21/100|[from] drain|[of] p2a: Zamazenta
|faint|p2a: Zamazenta
|
|upkeep
|
|t:|1781404003
|switch|p2a: Latios|Latios, M|100/100
|-damage|p2a: Latios|88/100|[from] Stealth Rock
|turn|25
|
|t:|1781404009
|switch|p1a: Tyranitar|Tyranitar, F|56/100 psn
|-weather|Sandstorm|[from] ability: Sand Stream|[of] p1a: Tyranitar
|move|p2a: Latios|Draco Meteor|p1a: Tyranitar|[miss]
|-miss|p2a: Latios|p1a: Tyranitar
|
|-weather|Sandstorm|[upkeep]
|-damage|p2a: Latios|82/100|[from] Sandstorm
|-heal|p1a: Tyranitar|63/100 psn|[from] item: Leftovers
|-damage|p1a: Tyranitar|50/100 psn|[from] psn
|upkeep
|turn|26
|
|t:|1781404012
|switch|p2a: Alomomola|Alomomola, M|100/100
|-damage|p2a: Alomomola|88/100|[from] Stealth Rock
|move|p1a: Tyranitar|Knock Off|p2a: Alomomola
|-damage|p2a: Alomomola|59/100
|-enditem|p2a: Alomomola|Assault Vest|[from] move: Knock Off|[of] p1a: Tyranitar
|
|-weather|Sandstorm|[upkeep]
|-damage|p2a: Alomomola|53/100|[from] Sandstorm
|-heal|p1a: Tyranitar|56/100 psn|[from] item: Leftovers
|-damage|p1a: Tyranitar|44/100 psn|[from] psn
|upkeep
|turn|27
|
|t:|1781404017
|switch|p1a: Rillaboom|Rillaboom, M|100/100
|-fieldstart|move: Grassy Terrain|[from] ability: Grassy Surge|[of] p1a: Rillaboom
|move|p2a: Alomomola|Flip Turn|p1a: Rillaboom
|-resisted|p1a: Rillaboom
|-damage|p1a: Rillaboom|92/100
|
|t:|1781404022
|switch|p2a: Weezing|Weezing-Galar, M|21/100|[from] Flip Turn
|-damage|p2a: Weezing|9/100|[from] Stealth Rock
|
|-weather|Sandstorm|[upkeep]
|-damage|p1a: Rillaboom|86/100|[from] Sandstorm
|-damage|p2a: Weezing|3/100|[from] Sandstorm
|-heal|p1a: Rillaboom|92/100|[from] Grassy Terrain
|upkeep
|turn|28
|
|t:|1781404024
|move|p1a: Rillaboom|U-turn|p2a: Weezing
|-resisted|p2a: Weezing
|-damage|p2a: Weezing|0 fnt
|faint|p2a: Weezing
|
|t:|1781404028
|switch|p1a: Dragapult|Dragapult, M|88/100|[from] U-turn
|
|-weather|Sandstorm|[upkeep]
|-damage|p1a: Dragapult|82/100|[from] Sandstorm
|-heal|p1a: Dragapult|88/100|[from] Grassy Terrain
|-heal|p1a: Dragapult|94/100|[from] item: Leftovers
|upkeep
|
|t:|1781404030
|switch|p2a: Latios|Latios, M|82/100
|-damage|p2a: Latios|70/100|[from] Stealth Rock
|turn|29
|
|t:|1781404032
|switch|p1a: Tyranitar|Tyranitar, F|44/100 psn
|-terastallize|p2a: Latios|Steel
|move|p2a: Latios|Calm Mind|p2a: Latios
|-boost|p2a: Latios|spa|1
|-boost|p2a: Latios|spd|1
|
|-weather|none
|-heal|p1a: Tyranitar|50/100 psn|[from] Grassy Terrain
|-heal|p1a: Tyranitar|56/100 psn|[from] item: Leftovers
|-damage|p1a: Tyranitar|44/100 psn|[from] psn
|upkeep
|turn|30
|
|t:|1781404035
|move|p2a: Latios|Draco Meteor|p1a: Tyranitar
|-damage|p1a: Tyranitar|0 fnt
|-unboost|p2a: Latios|spa|2
|faint|p1a: Tyranitar
|
|upkeep
|
|t:|1781404039
|switch|p1a: Ogerpon|Ogerpon-Cornerstone, F|21/100
|turn|31
|
|t:|1781404041
|move|p2a: Latios|Psychic Noise|p1a: Ogerpon
|-damage|p1a: Ogerpon|0 fnt
|faint|p1a: Ogerpon
|
|-fieldend|move: Grassy Terrain
|upkeep
|
|t:|1781404045
|switch|p1a: Dragapult|Dragapult, M|94/100
|turn|32
|
|t:|1781404050
|move|p1a: Dragapult|Will-O-Wisp|p2a: Latios|[miss]
|-miss|p1a: Dragapult|p2a: Latios
|move|p2a: Latios|Calm Mind|p2a: Latios
|-boost|p2a: Latios|spa|1
|-boost|p2a: Latios|spd|1
|
|-heal|p1a: Dragapult|100/100|[from] item: Leftovers
|upkeep
|turn|33
|
|t:|1781404052
|move|p1a: Dragapult|Will-O-Wisp|p2a: Latios
|-status|p2a: Latios|brn
|move|p2a: Latios|Calm Mind|p2a: Latios
|-boost|p2a: Latios|spa|1
|-boost|p2a: Latios|spd|1
|
|-damage|p2a: Latios|64/100 brn|[from] brn
|upkeep
|turn|34
|
|t:|1781404055
|move|p1a: Dragapult|Substitute|p1a: Dragapult
|-start|p1a: Dragapult|Substitute
|-damage|p1a: Dragapult|76/100
|move|p2a: Latios|Calm Mind|p2a: Latios
|-boost|p2a: Latios|spa|1
|-boost|p2a: Latios|spd|1
|
|-heal|p1a: Dragapult|82/100|[from] item: Leftovers
|-damage|p2a: Latios|58/100 brn|[from] brn
|upkeep
|turn|35
|
|t:|1781404058
|move|p1a: Dragapult|Hex|p2a: Latios
|-damage|p2a: Latios|40/100 brn
|move|p2a: Latios|Recover|p2a: Latios
|-heal|p2a: Latios|90/100 brn
|
|-heal|p1a: Dragapult|88/100|[from] item: Leftovers
|-damage|p2a: Latios|84/100 brn|[from] brn
|upkeep
|turn|36
|
|t:|1781404060
|move|p1a: Dragapult|Hex|p2a: Latios
|-damage|p2a: Latios|69/100 brn
|move|p2a: Latios|Psychic Noise|p1a: Dragapult
|-crit|p1a: Dragapult
|-damage|p1a: Dragapult|0 fnt
|faint|p1a: Dragapult
|
|-damage|p2a: Latios|63/100 brn|[from] brn
|upkeep
|
|t:|1781404062
|switch|p1a: Rillaboom|Rillaboom, M|92/100
|-fieldstart|move: Grassy Terrain|[from] ability: Grassy Surge|[of] p1a: Rillaboom
|turn|37
|
|t:|1781404065
|-terastallize|p1a: Rillaboom|Grass
|move|p1a: Rillaboom|Grassy Glide|p2a: Latios
|-resisted|p2a: Latios
|-damage|p2a: Latios|14/100 brn
|move|p2a: Latios|Draco Meteor|p1a: Rillaboom
|-damage|p1a: Rillaboom|0 fnt
|-unboost|p2a: Latios|spa|2
|faint|p1a: Rillaboom
|
|win|ceo o wo chien
|raw|AnonymousJon's rating: 1841 &rarr; <strong>1825</strong><br />(-16 for losing)
|raw|ceo o wo chien's rating: 1916 &rarr; <strong>1932</strong><br />(+16 for winning)
|c|☆AnonymousJon|gg
|c|☆ceo o wo chien|gg
|l|☆AnonymousJon
|player|p1|
