|j|‽pokemanpablotest
|j|☆Penguinxdd
|t:|1781023395
|gametype|singles
|player|p1|pokemanpablotest|colress|1547
|player|p2|Penguinxdd|veteran|1524
|gen|9
|tier|[Gen 9] OU
|rated|
|rule|HP Percentage Mod: HP is shown in percentages
|rule|Endless Battle Clause: Forcing endless battles is banned
|rule|Species Clause: Limit one of each Pokémon
|rule|OHKO Clause: OHKO moves are banned
|rule|Evasion Items Clause: Evasion items are banned
|rule|Evasion Moves Clause: Evasion moves are banned
|rule|Evasion Abilities Clause: Evasion abilities are banned
|rule|Sleep Moves Clause: Sleep-inducing moves are banned
|clearpoke
|poke|p1|Reuniclus, M|
|poke|p1|Ninetales-Alola, M|
|poke|p1|Torkoal, F|
|poke|p1|Kingambit, M|
|poke|p1|Araquanid, M|
|poke|p1|Ceruledge, M|
|poke|p2|Hatterene, F|
|poke|p2|Iron Treads|
|poke|p2|Volcanion|
|poke|p2|Gholdengo|
|poke|p2|Darkrai|
|poke|p2|Garchomp, F|
|teampreview
|inactive|Battle timer is ON: inactive players will automatically lose when time's up. (requested by Penguinxdd)
|
|t:|1781023404
|teamsize|p1|6
|teamsize|p2|6
|start
|switch|p1a: Araquanid|Araquanid, M, shiny|100/100
|switch|p2a: Volcanion|Volcanion|100/100
|turn|1
|j| Fat_Yogi
|
|t:|1781023410
|switch|p2a: Magic Bounson|Hatterene, F|100/100
|move|p1a: Araquanid|Infestation|p2a: Magic Bounson
|-crit|p2a: Magic Bounson
|-damage|p2a: Magic Bounson|94/100
|-activate|p2a: Magic Bounson|move: Infestation|[of] p1a: Araquanid
|-damage|p1a: Araquanid|84/100|[from] item: Rocky Helmet|[of] p2a: Magic Bounson
|
|-damage|p2a: Magic Bounson|82/100|[from] move: Infestation|[partiallytrapped]
|upkeep
|turn|2
|
|t:|1781023416
|move|p1a: Araquanid|Liquidation|p2a: Magic Bounson
|-damage|p2a: Magic Bounson|48/100
|-damage|p1a: Araquanid|67/100|[from] item: Rocky Helmet|[of] p2a: Magic Bounson
|move|p2a: Magic Bounson|Pain Split|p1a: Araquanid
|-sethp|p1a: Araquanid|56/100|[from] move: Pain Split|[silent]
|-sethp|p2a: Magic Bounson|59/100|[from] move: Pain Split
|
|-damage|p2a: Magic Bounson|47/100|[from] move: Infestation|[partiallytrapped]
|upkeep
|turn|3
|inactive|Penguinxdd has 120 seconds left.
|
|t:|1781023469
|move|p1a: Araquanid|Liquidation|p2a: Magic Bounson
|-damage|p2a: Magic Bounson|10/100
|-damage|p1a: Araquanid|40/100|[from] item: Rocky Helmet|[of] p2a: Magic Bounson
|move|p2a: Magic Bounson|Draining Kiss|p1a: Araquanid
|-damage|p1a: Araquanid|23/100
|-heal|p2a: Magic Bounson|23/100|[from] drain|[of] p1a: Araquanid
|
|-damage|p2a: Magic Bounson|11/100|[from] move: Infestation|[partiallytrapped]
|upkeep
|turn|4
|
|t:|1781023485
|switch|p1a: Kingambit|Kingambit, M, shiny|100/100
|move|p2a: Magic Bounson|Draining Kiss|p1a: Kingambit
|-damage|p1a: Kingambit|78/100
|-heal|p2a: Magic Bounson|30/100|[from] drain|[of] p1a: Kingambit
|
|-end|p2a: Magic Bounson|Infestation|[partiallytrapped]|[silent]
|upkeep
|turn|5
|
|t:|1781023507
|switch|p2a: Garchomp|Garchomp, F|100/100
|move|p1a: Kingambit|Kowtow Cleave|p2a: Garchomp
|-damage|p2a: Garchomp|51/100
|-damage|p1a: Kingambit|65/100|[from] ability: Rough Skin|[of] p2a: Garchomp
|
|upkeep
|turn|6
|
|t:|1781023517
|-end|p1a: Kingambit|fallenundefined|[silent]
|switch|p1a: Ninetales|Ninetales-Alola, M, shiny|100/100
|-weather|Snowscape|[from] ability: Snow Warning|[of] p1a: Ninetales
|move|p2a: Garchomp|Fire Fang|p1a: Ninetales
|-supereffective|p1a: Ninetales
|-damage|p1a: Ninetales|56/100
|
|-weather|Snowscape|[upkeep]
|upkeep
|turn|7
|
|t:|1781023533
|switch|p2a: Magic Bounson|Hatterene, F|30/100
|move|p1a: Ninetales|Aurora Veil|p1a: Ninetales
|-sidestart|p1: pokemanpablotest|move: Aurora Veil
|
|-weather|Snowscape|[upkeep]
|upkeep
|turn|8
|
|t:|1781023540
|switch|p1a: Kingambit|Kingambit, M, shiny|65/100
|move|p2a: Magic Bounson|Pain Split|p1a: Kingambit
|-sethp|p1a: Kingambit|46/100|[from] move: Pain Split|[silent]
|-sethp|p2a: Magic Bounson|52/100|[from] move: Pain Split
|
|-weather|Snowscape|[upkeep]
|upkeep
|turn|9
|
|t:|1781023548
|move|p1a: Kingambit|Swords Dance|p1a: Kingambit
|-boost|p1a: Kingambit|atk|2
|move|p2a: Magic Bounson|Draining Kiss|p1a: Kingambit
|-damage|p1a: Kingambit|34/100
|-heal|p2a: Magic Bounson|62/100|[from] drain|[of] p1a: Kingambit
|
|-weather|Snowscape|[upkeep]
|upkeep
|turn|10
|
|t:|1781023565
|move|p1a: Kingambit|Kowtow Cleave|p2a: Magic Bounson
|-damage|p2a: Magic Bounson|0 fnt
|-damage|p1a: Kingambit|18/100|[from] item: Rocky Helmet|[of] p2a: Magic Bounson
|faint|p2a: Magic Bounson
|
|-weather|none
|upkeep
|
|t:|1781023569
|switch|p2a: Iron Treads|Iron Treads|100/100
|-item|p2a: Iron Treads|Air Balloon
|turn|11
|
|t:|1781023574
|move|p2a: Iron Treads|Earthquake|p1a: Kingambit
|-supereffective|p1a: Kingambit
|-damage|p1a: Kingambit|0 fnt
|faint|p1a: Kingambit
|-end|p1a: Kingambit|fallenundefined|[silent]
|
|upkeep
|
|t:|1781023584
|switch|p1a: Ceruledge|Ceruledge, M, shiny|100/100
|-item|p1a: Ceruledge|Air Balloon
|turn|12
|inactive|Penguinxdd has 120 seconds left.
|
|t:|1781023606
|-terastallize|p2a: Iron Treads|Ghost
|move|p2a: Iron Treads|Ice Spinner|p1a: Ceruledge
|-resisted|p1a: Ceruledge
|-damage|p1a: Ceruledge|93/100
|-enditem|p1a: Ceruledge|Air Balloon
|move|p1a: Ceruledge|Bulk Up|p1a: Ceruledge
|-boost|p1a: Ceruledge|atk|1
|-boost|p1a: Ceruledge|def|1
|
|upkeep
|turn|13
|inactive|Penguinxdd has 120 seconds left.
|
|t:|1781023626
|-end|p2a: Iron Treads|Quark Drive|[silent]
|switch|p2a: Darkrai|Darkrai|100/100
|move|p1a: Ceruledge|Bulk Up|p1a: Ceruledge
|-boost|p1a: Ceruledge|atk|1
|-boost|p1a: Ceruledge|def|1
|
|upkeep
|turn|14
|
|t:|1781023633
|-terastallize|p1a: Ceruledge|Grass
|move|p2a: Darkrai|Trick|p1a: Ceruledge
|-activate|p2a: Darkrai|move: Trick|[of] p1a: Ceruledge
|-item|p1a: Ceruledge|Choice Scarf|[from] move: Trick
|-enditem|p2a: Darkrai|Choice Scarf|[silent]|[from] move: Trick
|move|p1a: Ceruledge|Bitter Blade|p2a: Darkrai
|-damage|p2a: Darkrai|0 fnt
|-heal|p1a: Ceruledge|100/100|[from] drain|[of] p2a: Darkrai
|faint|p2a: Darkrai
|
|-sideend|p1: pokemanpablotest|move: Aurora Veil
|upkeep
|
|t:|1781023638
|switch|p2a: Volcanion|Volcanion|100/100
|turn|15
|
|t:|1781023646
|move|p1a: Ceruledge|Bitter Blade|p2a: Volcanion
|-resisted|p2a: Volcanion
|-damage|p2a: Volcanion|78/100
|move|p2a: Volcanion|Sludge Bomb|p1a: Ceruledge
|-supereffective|p1a: Ceruledge
|-damage|p1a: Ceruledge|0 fnt
|faint|p1a: Ceruledge
|
|upkeep
|inactive|pokemanpablotest has 120 seconds left.
|
|t:|1781023677
|switch|p1a: Araquanid|Araquanid, M, shiny|23/100
|turn|16
|-enditem|p1a: Araquanid|Custap Berry|[eat]
|-activate|p1a: Araquanid|item: Custap Berry|[consumed]
|
|t:|1781023680
|move|p1a: Araquanid|Endeavor|p2a: Volcanion
|-damage|p2a: Volcanion|26/100
|move|p2a: Volcanion|Sludge Bomb|p1a: Araquanid
|-damage|p1a: Araquanid|0 fnt
|faint|p1a: Araquanid
|
|upkeep
|
|t:|1781023691
|switch|p1a: Ninetales|Ninetales-Alola, M, shiny|56/100
|-weather|Snowscape|[from] ability: Snow Warning|[of] p1a: Ninetales
|turn|17
|
|t:|1781023697
|move|p1a: Ninetales|Aurora Veil|p1a: Ninetales
|-sidestart|p1: pokemanpablotest|move: Aurora Veil
|move|p2a: Volcanion|Sludge Bomb|p1a: Ninetales
|-supereffective|p1a: Ninetales
|-damage|p1a: Ninetales|4/100
|
|-weather|Snowscape|[upkeep]
|upkeep
|turn|18
|
|t:|1781023706
|switch|p2a: Lebron Rains|Gholdengo|100/100
|move|p1a: Ninetales|Freeze-Dry|p2a: Lebron Rains
|-resisted|p2a: Lebron Rains
|-damage|p2a: Lebron Rains|88/100
|
|-weather|Snowscape|[upkeep]
|upkeep
|turn|19
|
|t:|1781023715
|switch|p1a: Torkoal|Torkoal, F|100/100
|-weather|SunnyDay|[from] ability: Drought|[of] p1a: Torkoal
|move|p2a: Lebron Rains|Shadow Ball|p1a: Torkoal
|-damage|p1a: Torkoal|76/100
|-unboost|p1a: Torkoal|spd|1
|
|-weather|SunnyDay|[upkeep]
|upkeep
|turn|20
|
|t:|1781023725
|switch|p2a: Iron Treads|Iron Treads, tera:Ghost|100/100
|-item|p2a: Iron Treads|Air Balloon
|move|p1a: Torkoal|Stealth Rock|p2a: Iron Treads
|-sidestart|p2: Penguinxdd|move: Stealth Rock
|
|-weather|SunnyDay|[upkeep]
|upkeep
|turn|21
|
|t:|1781023729
|move|p2a: Iron Treads|Rapid Spin|p1a: Torkoal
|-damage|p1a: Torkoal|71/100
|-boost|p2a: Iron Treads|spe|1
|-sideend|p2: Penguinxdd|Stealth Rock|[from] move: Rapid Spin|[of] p2a: Iron Treads
|move|p1a: Torkoal|Lava Plume|p2a: Iron Treads
|-damage|p2a: Iron Treads|46/100
|-status|p2a: Iron Treads|brn
|-enditem|p2a: Iron Treads|Air Balloon
|
|-weather|SunnyDay|[upkeep]
|-damage|p2a: Iron Treads|40/100 brn|[from] brn
|upkeep
|turn|22
|
|t:|1781023739
|move|p2a: Iron Treads|Stealth Rock|p1a: Torkoal
|-sidestart|p1: pokemanpablotest|move: Stealth Rock
|move|p1a: Torkoal|Stealth Rock|p2a: Iron Treads
|-sidestart|p2: Penguinxdd|move: Stealth Rock
|
|-weather|SunnyDay|[upkeep]
|-damage|p2a: Iron Treads|34/100 brn|[from] brn
|upkeep
|turn|23
|
|t:|1781023746
|switch|p1a: Reuniclus|Reuniclus, M, shiny|100/100
|move|p2a: Iron Treads|Rapid Spin|p1a: Reuniclus
|-damage|p1a: Reuniclus|97/100
|-boost|p2a: Iron Treads|spe|1
|-sideend|p2: Penguinxdd|Stealth Rock|[from] move: Rapid Spin|[of] p2a: Iron Treads
|
|-weather|none
|-damage|p2a: Iron Treads|27/100 brn|[from] brn
|upkeep
|turn|24
|
|t:|1781023749
|-end|p2a: Iron Treads|Quark Drive|[silent]
|switch|p2a: Lebron Rains|Gholdengo|88/100
|move|p1a: Reuniclus|Trick Room|p1a: Reuniclus
|-fieldstart|move: Trick Room|[of] p1a: Reuniclus
|
|-sideend|p1: pokemanpablotest|move: Aurora Veil
|upkeep
|turn|25
|
|t:|1781023756
|switch|p1a: Ninetales|Ninetales-Alola, M, shiny|4/100
|-damage|p1a: Ninetales|0 fnt|[from] Stealth Rock
|faint|p1a: Ninetales
|move|p2a: Lebron Rains|Trick|p1: Ninetales|[notarget]
|-fail|p2a: Lebron Rains
|
|upkeep
|
|t:|1781023762
|switch|p1a: Torkoal|Torkoal, F|71/100
|-weather|SunnyDay|[from] ability: Drought|[of] p1a: Torkoal
|turn|26
|
|t:|1781023768
|switch|p2a: Iron Treads|Iron Treads, tera:Ghost|27/100 brn
|move|p1a: Torkoal|Stealth Rock|p2a: Iron Treads
|-sidestart|p2: Penguinxdd|move: Stealth Rock
|
|-weather|SunnyDay|[upkeep]
|-damage|p2a: Iron Treads|21/100 brn|[from] brn
|upkeep
|turn|27
|
|t:|1781023772
|move|p1a: Torkoal|Lava Plume|p2a: Iron Treads
|-damage|p2a: Iron Treads|0 fnt
|faint|p2a: Iron Treads
|-end|p2a: Iron Treads|Quark Drive|[silent]
|
|-weather|SunnyDay|[upkeep]
|upkeep
|
|t:|1781023774
|switch|p2a: Garchomp|Garchomp, F|51/100
|-damage|p2a: Garchomp|45/100|[from] Stealth Rock
|turn|28
|
|t:|1781023786
|move|p1a: Torkoal|Lava Plume|p2a: Garchomp
|-resisted|p2a: Garchomp
|-damage|p2a: Garchomp|22/100
|move|p2a: Garchomp|Earthquake|p1a: Torkoal
|-supereffective|p1a: Torkoal
|-damage|p1a: Torkoal|0 fnt
|faint|p1a: Torkoal
|
|-weather|SunnyDay|[upkeep]
|-fieldend|move: Trick Room
|upkeep
|
|t:|1781023790
|switch|p1a: Reuniclus|Reuniclus, M, shiny|97/100
|turn|29
|-message|pokemanpablotest forfeited.
|
|win|Penguinxdd
|raw|pokemanpablotest's rating: 1547 &rarr; <strong>1526</strong><br />(-21 for losing)
|raw|Penguinxdd's rating: 1524 &rarr; <strong>1545</strong><br />(+21 for winning)
|l|‽pokemanpablotest
|player|p1|
|l|☆Penguinxdd
|player|p2|
|l| Fat_Yogi
