|j|☆Thederpa1
|j|☆texett
|t:|1781529439
|gametype|singles
|player|p1|Thederpa1|swimmer-gen4dp|1572
|player|p2|texett|jasmine|1627
|gen|9
|tier|[Gen 9] OU
|rated|
|rule|HP Percentage Mod: HP is shown in percentages
|rule|Endless Battle Clause: Forcing endless battles is banned
|rule|Species Clause: Limit one of each Pokémon
|rule|OHKO Clause: OHKO moves are banned
|rule|Evasion Items Clause: Evasion items are banned
|rule|Evasion Moves Clause: Evasion moves are banned
|rule|Evasion Abilities Clause: Evasion abilities are banned
|rule|Sleep Moves Clause: Sleep-inducing moves are banned
|clearpoke
|poke|p1|Iron Treads|
|poke|p1|Conkeldurr, M|
|poke|p1|Alomomola, M|
|poke|p1|Slowking-Galar, M|
|poke|p1|Darkrai|
|poke|p1|Kyurem|
|poke|p2|Glimmora, M|
|poke|p2|Dragapult, F|
|poke|p2|Zapdos|
|poke|p2|Samurott-Hisui, M|
|poke|p2|Iron Treads|
|poke|p2|Infernape, M|
|teampreview
|inactive|Battle timer is ON: inactive players will automatically lose when time's up. (requested by texett)
|
|t:|1781529446
|teamsize|p1|6
|teamsize|p2|6
|start
|switch|p1a: Slowking|Slowking-Galar, M|100/100
|switch|p2a: Infernape|Infernape, M, shiny|100/100
|turn|1
|
|t:|1781529449
|switch|p1a: Alomomola|Alomomola, M|100/100
|move|p2a: Infernape|Flare Blitz|p1a: Alomomola
|-resisted|p1a: Alomomola
|-damage|p1a: Alomomola|79/100
|-damage|p2a: Infernape|84/100|[from] item: Rocky Helmet|[of] p1a: Alomomola
|-damage|p2a: Infernape|71/100|[from] Recoil
|
|upkeep
|turn|2
|
|t:|1781529454
|switch|p2a: Zapdos|Zapdos, shiny|100/100
|move|p1a: Alomomola|Flip Turn|p2a: Zapdos
|-damage|p2a: Zapdos|87/100
|-status|p1a: Alomomola|par|[from] ability: Static|[of] p2a: Zapdos
|
|t:|1781529459
|switch|p1a: Kyurem|Kyurem|100/100|[from] Flip Turn
|-ability|p1a: Kyurem|Pressure
|
|upkeep
|turn|3
|
|t:|1781529464
|switch|p2a: Iron Treads|Iron Treads, shiny|100/100
|move|p1a: Kyurem|Substitute|p1a: Kyurem
|-start|p1a: Kyurem|Substitute
|-damage|p1a: Kyurem|76/100
|
|upkeep
|turn|4
|
|t:|1781529469
|move|p1a: Kyurem|Earth Power|p2a: Iron Treads
|-supereffective|p2a: Iron Treads
|-damage|p2a: Iron Treads|74/100
|move|p2a: Iron Treads|Rapid Spin|p1a: Kyurem
|-activate|p1a: Kyurem|move: Substitute|[damage]
|-boost|p2a: Iron Treads|spe|1
|
|upkeep
|turn|5
|inactive|texett has 120 seconds left.
|
|t:|1781529509
|move|p2a: Iron Treads|Earthquake|p1a: Kyurem
|-end|p1a: Kyurem|Substitute
|move|p1a: Kyurem|Icicle Spear|p2a: Iron Treads
|-damage|p2a: Iron Treads|65/100
|-damage|p2a: Iron Treads|57/100
|-damage|p2a: Iron Treads|49/100
|-damage|p2a: Iron Treads|39/100
|-damage|p2a: Iron Treads|31/100
|-hitcount|p2a: Iron Treads|5
|
|upkeep
|turn|6
|j| SableWallJade
|
|t:|1781529522
|switch|p1a: Alomomola|Alomomola, M|100/100 par
|move|p2a: Iron Treads|Knock Off|p1a: Alomomola
|-damage|p1a: Alomomola|86/100 par
|-damage|p2a: Iron Treads|15/100|[from] item: Rocky Helmet|[of] p1a: Alomomola
|-enditem|p1a: Alomomola|Rocky Helmet|[from] move: Knock Off|[of] p2a: Iron Treads
|
|upkeep
|turn|7
|
|t:|1781529531
|move|p2a: Iron Treads|Volt Switch|p1a: Alomomola
|-supereffective|p1a: Alomomola
|-damage|p1a: Alomomola|59/100 par
|inactive|texett has 120 seconds left.
|
|t:|1781529537
|-end|p2a: Iron Treads|Quark Drive|[silent]
|switch|p2a: Zapdos|Zapdos, shiny|87/100|[from] Volt Switch
|move|p1a: Alomomola|Flip Turn|p2a: Zapdos
|-damage|p2a: Zapdos|74/100
|
|t:|1781529544
|switch|p1a: Kyurem|Kyurem|76/100|[from] Flip Turn
|-ability|p1a: Kyurem|Pressure
|
|upkeep
|turn|8
|
|t:|1781529549
|switch|p2a: Samurott|Samurott-Hisui, M, shiny|100/100
|move|p1a: Kyurem|Freeze-Dry|p2a: Samurott
|-supereffective|p2a: Samurott
|-damage|p2a: Samurott|57/100
|
|upkeep
|turn|9
|
|t:|1781529557
|move|p1a: Kyurem|Freeze-Dry|p2a: Samurott
|-supereffective|p2a: Samurott
|-damage|p2a: Samurott|11/100
|move|p2a: Samurott|Sacred Sword|p1a: Kyurem
|-supereffective|p1a: Kyurem
|-damage|p1a: Kyurem|6/100
|
|upkeep
|turn|10
|
|t:|1781529569
|switch|p2a: Glimmora|Glimmora, M, shiny|100/100
|move|p1a: Kyurem|Freeze-Dry|p2a: Glimmora
|-damage|p2a: Glimmora|60/100
|-enditem|p2a: Glimmora|Red Card|[of] p1a: Kyurem
|drag|p1a: Slowking|Slowking-Galar, M|100/100
|
|upkeep
|turn|11
|l|☆texett
|inactive|texett disconnected and has a minute to reconnect!
|player|p2|
|inactive|texett has 30 seconds to reconnect!
|inactive|texett has 20 seconds to reconnect!
|inactive|texett has 15 seconds to reconnect!
|inactive|texett has 10 seconds to reconnect!
|inactive|texett has 5 seconds to reconnect!
|-message|texett lost due to inactivity.
|
|win|Thederpa1
|raw|Thederpa1's rating: 1572 &rarr; <strong>1595</strong><br />(+23 for winning)
|raw|texett's rating: 1627 &rarr; <strong>1604</strong><br />(-23 for losing)
|l|☆Thederpa1
|player|p1|
|l| SableWallJade
