|badge|p2|bronze|gen9ou|100-9
|uhtml|medal-msg|<div class="broadcast-blue">Curious what those medals under the avatar are? PS now has Ladder Seasons! For more information, check out the <a href="https://www.smogon.com/forums/threads/3740067/">thread on Smogon.</a></div>
|j|☆jd2sleepy
|j|☆Auburn Hills
|t:|1781564018
|gametype|singles
|player|p1|jd2sleepy|blackbelt-gen4dp|1688
|player|p2|Auburn Hills|alder|1796
|gen|9
|tier|[Gen 9] OU
|rated|
|rule|HP Percentage Mod: HP is shown in percentages
|rule|Endless Battle Clause: Forcing endless battles is banned
|rule|Species Clause: Limit one of each Pokémon
|rule|OHKO Clause: OHKO moves are banned
|rule|Evasion Items Clause: Evasion items are banned
|rule|Evasion Moves Clause: Evasion moves are banned
|rule|Evasion Abilities Clause: Evasion abilities are banned
|rule|Sleep Moves Clause: Sleep-inducing moves are banned
|clearpoke
|poke|p1|Zapdos-Galar|
|poke|p1|Slowking-Galar, F|
|poke|p1|Sinistcha|
|poke|p1|Iron Treads|
|poke|p1|Corviknight, M|
|poke|p1|Samurott-Hisui, M|
|poke|p2|Iron Moth|
|poke|p2|Umbreon, F|
|poke|p2|Garchomp, M|
|poke|p2|Glimmora, M|
|poke|p2|Gholdengo|
|poke|p2|Dragonite, F|
|teampreview
|
|t:|1781564030
|teamsize|p1|6
|teamsize|p2|6
|start
|switch|p1a: Say it ain't Slo|Slowking-Galar, F|100/100
|switch|p2a: Glimmora|Glimmora, M|100/100
|turn|1
|
|t:|1781564039
|switch|p2a: Alvvays|Umbreon, F|100/100
|switch|p1a: Corvette Corvette|Corviknight, M|100/100
|-ability|p1a: Corvette Corvette|Pressure
|
|upkeep
|turn|2
|
|t:|1781564066
|move|p2a: Alvvays|Thunder Wave|p1a: Corvette Corvette|[miss]
|-miss|p2a: Alvvays|p1a: Corvette Corvette
|move|p1a: Corvette Corvette|U-turn|p2a: Alvvays
|-supereffective|p2a: Alvvays
|-damage|p2a: Alvvays|79/100
|
|t:|1781564071
|switch|p1a: Tready Way|Iron Treads|100/100|[from] U-turn
|
|-heal|p2a: Alvvays|85/100|[from] item: Leftovers
|upkeep
|turn|3
|
|t:|1781564074
|move|p1a: Tready Way|Knock Off|p2a: Alvvays
|-resisted|p2a: Alvvays
|-damage|p2a: Alvvays|75/100
|-enditem|p2a: Alvvays|Leftovers|[from] move: Knock Off|[of] p1a: Tready Way
|move|p2a: Alvvays|Foul Play|p1a: Tready Way
|-damage|p1a: Tready Way|75/100
|
|upkeep
|turn|4
|
|t:|1781564076
|move|p1a: Tready Way|Stealth Rock|p2a: Alvvays
|-sidestart|p2: Auburn Hills|move: Stealth Rock
|move|p2a: Alvvays|Wish|p2a: Alvvays
|
|upkeep
|turn|5
|
|t:|1781564081
|-end|p1a: Tready Way|Quark Drive|[silent]
|switch|p1a: Say it ain't Slo|Slowking-Galar, F|100/100
|move|p2a: Alvvays|Foul Play|p1a: Say it ain't Slo
|-supereffective|p1a: Say it ain't Slo
|-damage|p1a: Say it ain't Slo|76/100
|
|-heal|p2a: Alvvays|100/100|[from] move: Wish|[wisher] Alvvays
|upkeep
|turn|6
|
|t:|1781564085
|move|p2a: Alvvays|Thunder Wave|p1a: Say it ain't Slo
|-status|p1a: Say it ain't Slo|par
|-prepare|p1a: Say it ain't Slo|Chilly Reception|[premajor]
|cant|p1a: Say it ain't Slo|par
|
|upkeep
|turn|7
|
|t:|1781564088
|move|p2a: Alvvays|Foul Play|p1a: Say it ain't Slo
|-supereffective|p1a: Say it ain't Slo
|-damage|p1a: Say it ain't Slo|46/100 par
|move|p1a: Say it ain't Slo|Sludge Bomb|p2a: Alvvays
|-damage|p2a: Alvvays|84/100
|
|upkeep
|turn|8
|
|t:|1781564092
|switch|p1a: Corvette Corvette|Corviknight, M|100/100
|-ability|p1a: Corvette Corvette|Pressure
|move|p2a: Alvvays|Foul Play|p1a: Corvette Corvette
|-damage|p1a: Corvette Corvette|83/100
|-damage|p2a: Alvvays|67/100|[from] item: Rocky Helmet|[of] p1a: Corvette Corvette
|
|upkeep
|turn|9
|
|t:|1781564095
|move|p2a: Alvvays|Thunder Wave|p1a: Corvette Corvette
|-status|p1a: Corvette Corvette|par
|move|p1a: Corvette Corvette|U-turn|p2a: Alvvays
|-supereffective|p2a: Alvvays
|-damage|p2a: Alvvays|44/100
|
|t:|1781564097
|switch|p1a: The Gaps Not Close|Zapdos-Galar|100/100|[from] U-turn
|
|upkeep
|turn|10
|
|t:|1781564099
|move|p2a: Alvvays|Protect|p2a: Alvvays
|-singleturn|p2a: Alvvays|Protect
|move|p1a: The Gaps Not Close|U-turn|p2a: Alvvays
|-activate|p2a: Alvvays|move: Protect
|
|upkeep
|turn|11
|
|t:|1781564104
|switch|p2a: Smino|Gholdengo|100/100
|-damage|p2a: Smino|94/100|[from] Stealth Rock
|move|p1a: The Gaps Not Close|U-turn|p2a: Smino
|-resisted|p2a: Smino
|-damage|p2a: Smino|85/100
|
|t:|1781564106
|switch|p1a: Samurott-Jack|Samurott-Hisui, M|100/100|[from] U-turn
|
|upkeep
|turn|12
|
|t:|1781564109
|move|p2a: Smino|Trick|p1a: Samurott-Jack
|-activate|p2a: Smino|move: Trick|[of] p1a: Samurott-Jack
|-item|p1a: Samurott-Jack|Choice Scarf|[from] move: Trick
|-item|p2a: Smino|Assault Vest|[from] move: Trick
|move|p1a: Samurott-Jack|Ceaseless Edge|p2a: Smino
|-supereffective|p2a: Smino
|-damage|p2a: Smino|0 fnt
|-sidestart|p2: Auburn Hills|Spikes
|faint|p2a: Smino
|
|upkeep
|
|t:|1781564113
|switch|p2a: Glimmora|Glimmora, M|100/100
|-damage|p2a: Glimmora|88/100|[from] Stealth Rock
|-damage|p2a: Glimmora|76/100|[from] Spikes
|turn|13
|
|t:|1781564116
|switch|p1a: Corvette Corvette|Corviknight, M|83/100 par
|-ability|p1a: Corvette Corvette|Pressure
|move|p2a: Glimmora|Stealth Rock|p1a: Corvette Corvette
|-sidestart|p1: jd2sleepy|move: Stealth Rock
|
|upkeep
|turn|14
|
|t:|1781564121
|switch|p2a: Elucid|Dragonite, F|100/100
|move|p1a: Corvette Corvette|U-turn|p2a: Elucid
|-resisted|p2a: Elucid
|-damage|p2a: Elucid|97/100
|
|t:|1781564130
|switch|p1a: Gotcha!|Sinistcha|100/100|[from] U-turn
|
|upkeep
|turn|15
|
|t:|1781564132
|move|p2a: Elucid|Dragon Dance|p2a: Elucid
|-boost|p2a: Elucid|atk|1
|-boost|p2a: Elucid|spe|1
|move|p1a: Gotcha!|Shadow Ball|p2a: Elucid
|-damage|p2a: Elucid|65/100
|
|upkeep
|turn|16
|
|t:|1781564135
|move|p2a: Elucid|Dragon Dance|p2a: Elucid
|-boost|p2a: Elucid|atk|1
|-boost|p2a: Elucid|spe|1
|move|p1a: Gotcha!|Strength Sap|p2a: Elucid
|-unboost|p2a: Elucid|atk|1
|
|upkeep
|turn|17
|
|t:|1781564141
|move|p2a: Elucid|Dragon Dance|p2a: Elucid
|-boost|p2a: Elucid|atk|1
|-boost|p2a: Elucid|spe|1
|move|p1a: Gotcha!|Shadow Ball|p2a: Elucid
|-damage|p2a: Elucid|32/100
|
|upkeep
|turn|18
|
|t:|1781564147
|move|p2a: Elucid|Dragon Dance|p2a: Elucid
|-boost|p2a: Elucid|atk|1
|-boost|p2a: Elucid|spe|1
|move|p1a: Gotcha!|Strength Sap|p2a: Elucid
|-unboost|p2a: Elucid|atk|1
|
|upkeep
|turn|19
|
|t:|1781564153
|-terastallize|p2a: Elucid|Normal
|move|p2a: Elucid|Dragon Dance|p2a: Elucid
|-boost|p2a: Elucid|atk|1
|-boost|p2a: Elucid|spe|1
|move|p1a: Gotcha!|Strength Sap|p2a: Elucid
|-unboost|p2a: Elucid|atk|1
|
|upkeep
|turn|20
|
|t:|1781564159
|move|p2a: Elucid|Dragon Dance|p2a: Elucid
|-boost|p2a: Elucid|atk|1
|-boost|p2a: Elucid|spe|1
|move|p1a: Gotcha!|Matcha Gotcha|p2a: Elucid
|-damage|p2a: Elucid|0 fnt
|faint|p2a: Elucid
|
|upkeep
|
|t:|1781564162
|switch|p2a: Glimmora|Glimmora, M|76/100
|-damage|p2a: Glimmora|63/100|[from] Stealth Rock
|-damage|p2a: Glimmora|51/100|[from] Spikes
|turn|21
|
|t:|1781564164
|switch|p2a: Carly Rae|Iron Moth|100/100
|-damage|p2a: Carly Rae|76/100|[from] Stealth Rock
|-damage|p2a: Carly Rae|63/100|[from] Spikes
|-enditem|p2a: Carly Rae|Booster Energy
|-activate|p2a: Carly Rae|ability: Quark Drive|[fromitem]
|-start|p2a: Carly Rae|quarkdrivespe
|switch|p1a: Corvette Corvette|Corviknight, M|83/100 par
|-damage|p1a: Corvette Corvette|71/100 par|[from] Stealth Rock
|-ability|p1a: Corvette Corvette|Pressure
|
|upkeep
|turn|22
|
|t:|1781564174
|move|p2a: Carly Rae|Fiery Dance|p1a: Corvette Corvette
|-supereffective|p1a: Corvette Corvette
|-damage|p1a: Corvette Corvette|0 fnt
|faint|p1a: Corvette Corvette
|
|upkeep
|
|t:|1781564178
|switch|p1a: Samurott-Jack|Samurott-Hisui, M|100/100
|-damage|p1a: Samurott-Jack|88/100|[from] Stealth Rock
|turn|23
|j| Golem Rising
|
|t:|1781564193
|move|p2a: Carly Rae|Discharge|p1a: Samurott-Jack
|-supereffective|p1a: Samurott-Jack
|-damage|p1a: Samurott-Jack|32/100
|move|p1a: Samurott-Jack|Razor Shell|p2a: Carly Rae
|-supereffective|p2a: Carly Rae
|-damage|p2a: Carly Rae|0 fnt
|faint|p2a: Carly Rae
|-end|p2a: Carly Rae|Quark Drive|[silent]
|
|upkeep
|
|t:|1781564200
|switch|p2a: Rat Tally|Garchomp, M|100/100
|-damage|p2a: Rat Tally|94/100|[from] Stealth Rock
|-damage|p2a: Rat Tally|82/100|[from] Spikes
|turn|24
|
|t:|1781564206
|move|p2a: Rat Tally|Scale Shot|p1a: Samurott-Jack
|-damage|p1a: Samurott-Jack|16/100
|-damage|p1a: Samurott-Jack|0 fnt
|faint|p1a: Samurott-Jack
|-hitcount|p1: Samurott-Jack|2
|-unboost|p2a: Rat Tally|def|1
|-boost|p2a: Rat Tally|spe|1
|
|upkeep
|
|t:|1781564218
|switch|p1a: The Gaps Not Close|Zapdos-Galar|100/100
|-damage|p1a: The Gaps Not Close|88/100|[from] Stealth Rock
|turn|25
|
|t:|1781564225
|move|p2a: Rat Tally|Scale Shot|p1a: The Gaps Not Close
|-damage|p1a: The Gaps Not Close|71/100
|-damage|p1a: The Gaps Not Close|57/100
|-damage|p1a: The Gaps Not Close|43/100
|-damage|p1a: The Gaps Not Close|28/100
|-hitcount|p1a: The Gaps Not Close|4
|-unboost|p2a: Rat Tally|def|1
|-boost|p2a: Rat Tally|spe|1
|move|p1a: The Gaps Not Close|Close Combat|p2a: Rat Tally
|-damage|p2a: Rat Tally|0 fnt
|-unboost|p1a: The Gaps Not Close|def|1
|-unboost|p1a: The Gaps Not Close|spd|1
|-damage|p1a: The Gaps Not Close|16/100|[from] ability: Rough Skin|[of] p2a: Rat Tally
|faint|p2a: Rat Tally
|
|upkeep
|-message|Auburn Hills forfeited.
|
|win|jd2sleepy
|raw|jd2sleepy's rating: 1688 &rarr; <strong>1714</strong><br />(+26 for winning)
|raw|Auburn Hills's rating: 1796 &rarr; <strong>1770</strong><br />(-26 for losing)
|l|☆Auburn Hills
|player|p2|
|l|☆jd2sleepy
|player|p1|
|l| Golem Rising
