|j|☆zylsnbb
|j|☆barbordor
|t:|1781071424
|gametype|singles
|player|p1|zylsnbb|2|1602
|player|p2|barbordor|101|1608
|gen|9
|tier|[Gen 9] OU
|rated|
|rule|HP Percentage Mod: HP is shown in percentages
|rule|Endless Battle Clause: Forcing endless battles is banned
|rule|Species Clause: Limit one of each Pokémon
|rule|OHKO Clause: OHKO moves are banned
|rule|Evasion Items Clause: Evasion items are banned
|rule|Evasion Moves Clause: Evasion moves are banned
|rule|Evasion Abilities Clause: Evasion abilities are banned
|rule|Sleep Moves Clause: Sleep-inducing moves are banned
|clearpoke
|poke|p1|Clodsire, F|
|poke|p1|Pecharunt|
|poke|p1|Chesnaught, F|
|poke|p1|Weavile, F|
|poke|p1|Ceruledge, M|
|poke|p1|Corviknight, F|
|poke|p2|Ceruledge, F|
|poke|p2|Breloom, F|
|poke|p2|Dragonite, F|
|poke|p2|Kingambit, M|
|poke|p2|Great Tusk|
|poke|p2|Weavile, F|
|teampreview
|inactive|Battle timer is ON: inactive players will automatically lose when time's up. (requested by barbordor)
|
|t:|1781071439
|teamsize|p1|6
|teamsize|p2|6
|start
|switch|p1a: Weavile|Weavile, F|100/100
|switch|p2a: Weavile|Weavile, F|100/100
|-ability|p2a: Weavile|Pressure
|-ability|p1a: Weavile|Pressure
|turn|1
|
|t:|1781071448
|move|p2a: Weavile|Beat Up|p1a: Weavile
|-resisted|p1a: Weavile
|-damage|p1a: Weavile|93/100
|-resisted|p1a: Weavile
|-damage|p1a: Weavile|86/100
|-resisted|p1a: Weavile
|-crit|p1a: Weavile
|-damage|p1a: Weavile|74/100
|-resisted|p1a: Weavile
|-damage|p1a: Weavile|67/100
|-resisted|p1a: Weavile
|-damage|p1a: Weavile|59/100
|-resisted|p1a: Weavile
|-damage|p1a: Weavile|52/100
|-hitcount|p1a: Weavile|6
|move|p1a: Weavile|Low Kick|p2a: Weavile
|-supereffective|p2a: Weavile
|-enditem|p2a: Weavile|Focus Sash
|-damage|p2a: Weavile|1/100
|
|upkeep
|turn|2
|
|t:|1781071456
|switch|p1a: Corviknight|Corviknight, F|100/100
|move|p2a: Weavile|Beat Up|p1a: Corviknight
|-damage|p1a: Corviknight|93/100
|-damage|p1a: Corviknight|86/100
|-damage|p1a: Corviknight|78/100
|-damage|p1a: Corviknight|70/100
|-damage|p1a: Corviknight|62/100
|-damage|p1a: Corviknight|55/100
|-hitcount|p1a: Corviknight|6
|
|upkeep
|turn|3
|
|t:|1781071460
|switch|p1a: Chesnaught|Chesnaught, F|100/100
|move|p2a: Weavile|Beat Up|p1a: Chesnaught
|-resisted|p1a: Chesnaught
|-damage|p1a: Chesnaught|98/100
|-resisted|p1a: Chesnaught
|-damage|p1a: Chesnaught|95/100
|-resisted|p1a: Chesnaught
|-damage|p1a: Chesnaught|93/100
|-resisted|p1a: Chesnaught
|-damage|p1a: Chesnaught|90/100
|-resisted|p1a: Chesnaught
|-crit|p1a: Chesnaught
|-damage|p1a: Chesnaught|87/100
|-resisted|p1a: Chesnaught
|-damage|p1a: Chesnaught|84/100
|-hitcount|p1a: Chesnaught|6
|
|upkeep
|turn|4
|
|t:|1781071470
|move|p1a: Chesnaught|Spiky Shield|p1a: Chesnaught
|-singleturn|p1a: Chesnaught|move: Protect
|move|p2a: Weavile|Ice Shard|p1a: Chesnaught
|-activate|p1a: Chesnaught|move: Protect
|
|upkeep
|turn|5
|
|t:|1781071479
|move|p2a: Weavile|Triple Axel|p1a: Chesnaught
|-supereffective|p1a: Chesnaught
|-damage|p1a: Chesnaught|73/100
|-damage|p2a: Weavile|0 fnt|[from] item: Rocky Helmet|[of] p1a: Chesnaught
|faint|p2a: Weavile
|-hitcount|p1a: Chesnaught|1
|move|p1a: Chesnaught|Body Press|p2: Weavile|[notarget]
|-fail|p1a: Chesnaught
|
|upkeep
|
|t:|1781071483
|switch|p2a: Ceruledge|Ceruledge, F|100/100
|turn|6
|j| AbrarS
|
|t:|1781071501
|switch|p1a: Ceruledge|Ceruledge, M|100/100
|move|p2a: Ceruledge|Swords Dance|p2a: Ceruledge
|-boost|p2a: Ceruledge|atk|2
|
|upkeep
|turn|7
|inactive|zylsnbb has 120 seconds left.
|
|t:|1781071527
|switch|p1a: Corviknight|Corviknight, F|55/100
|move|p2a: Ceruledge|Shadow Sneak|p1a: Corviknight
|-damage|p1a: Corviknight|22/100
|
|upkeep
|turn|8
|
|t:|1781071536
|move|p2a: Ceruledge|Shadow Sneak|p1a: Corviknight
|-damage|p1a: Corviknight|0 fnt
|faint|p1a: Corviknight
|
|upkeep
|
|t:|1781071539
|switch|p1a: Clodsire|Clodsire, F|100/100
|turn|9
|
|t:|1781071542
|move|p2a: Ceruledge|Bitter Blade|p1a: Clodsire
|-damage|p1a: Clodsire|47/100
|move|p1a: Clodsire|Toxic|p2a: Ceruledge
|-status|p2a: Ceruledge|tox
|
|-heal|p1a: Clodsire|54/100|[from] item: Leftovers
|-damage|p2a: Ceruledge|94/100 tox|[from] psn
|upkeep
|turn|10
|
|t:|1781071550
|move|p2a: Ceruledge|Bitter Blade|p1a: Clodsire
|-damage|p1a: Clodsire|5/100
|-heal|p2a: Ceruledge|100/100 tox|[from] drain|[of] p1a: Clodsire
|move|p1a: Clodsire|Recover|p1a: Clodsire
|-heal|p1a: Clodsire|55/100
|
|-heal|p1a: Clodsire|61/100|[from] item: Leftovers
|-damage|p2a: Ceruledge|88/100 tox|[from] psn
|upkeep
|turn|11
|
|t:|1781071558
|switch|p2a: Great Tusk|Great Tusk|100/100
|-enditem|p2a: Great Tusk|Booster Energy
|-activate|p2a: Great Tusk|ability: Protosynthesis|[fromitem]
|-start|p2a: Great Tusk|protosynthesisatk
|move|p1a: Clodsire|Recover|p1a: Clodsire
|-heal|p1a: Clodsire|100/100
|
|upkeep
|turn|12
|
|t:|1781071564
|move|p2a: Great Tusk|Stealth Rock|p1a: Clodsire
|-sidestart|p1: zylsnbb|move: Stealth Rock
|move|p1a: Clodsire|Toxic|p2a: Great Tusk
|-status|p2a: Great Tusk|tox
|
|-damage|p2a: Great Tusk|94/100 tox|[from] psn
|upkeep
|turn|13
|
|t:|1781071569
|switch|p1a: Chesnaught|Chesnaught, F|73/100
|-damage|p1a: Chesnaught|67/100|[from] Stealth Rock
|move|p2a: Great Tusk|Headlong Rush|p1a: Chesnaught
|-resisted|p1a: Chesnaught
|-damage|p1a: Chesnaught|44/100
|-unboost|p2a: Great Tusk|def|1
|-unboost|p2a: Great Tusk|spd|1
|-damage|p2a: Great Tusk|78/100 tox|[from] item: Rocky Helmet|[of] p1a: Chesnaught
|
|-damage|p2a: Great Tusk|65/100 tox|[from] psn
|upkeep
|turn|14
|
|t:|1781071577
|-end|p2a: Great Tusk|Protosynthesis|[silent]
|switch|p2a: Dragonite|Dragonite, F|100/100
|move|p1a: Chesnaught|Synthesis|p1a: Chesnaught
|-heal|p1a: Chesnaught|94/100
|
|upkeep
|turn|15
|
|t:|1781071580
|move|p2a: Dragonite|Encore|p1a: Chesnaught
|-start|p1a: Chesnaught|Encore
|move|p1a: Chesnaught|Synthesis|p1a: Chesnaught
|-heal|p1a: Chesnaught|100/100
|
|upkeep
|turn|16
|
|t:|1781071590
|switch|p2a: Breloom|Breloom, F|100/100
|switch|p1a: Clodsire|Clodsire, F|100/100
|-damage|p1a: Clodsire|94/100|[from] Stealth Rock
|
|-heal|p1a: Clodsire|100/100|[from] item: Leftovers
|upkeep
|turn|17
|
|t:|1781071594
|switch|p1a: Chesnaught|Chesnaught, F|100/100
|-damage|p1a: Chesnaught|94/100|[from] Stealth Rock
|move|p2a: Breloom|Bullet Seed|p1a: Chesnaught
|-immune|p1a: Chesnaught|[from] ability: Bulletproof
|
|upkeep
|turn|18
|
|t:|1781071605
|switch|p2a: Ceruledge|Ceruledge, F|88/100 tox
|switch|p1a: Weavile|Weavile, F|52/100
|-ability|p1a: Weavile|Pressure
|
|-damage|p2a: Ceruledge|82/100 tox|[from] psn
|upkeep
|turn|19
|
|t:|1781071610
|switch|p2a: Great Tusk|Great Tusk|65/100 tox
|move|p1a: Weavile|Knock Off|p2a: Great Tusk
|-resisted|p2a: Great Tusk
|-damage|p2a: Great Tusk|53/100 tox
|
|-damage|p2a: Great Tusk|46/100 tox|[from] psn
|upkeep
|turn|20
|
|t:|1781071618
|move|p1a: Weavile|Icicle Crash|p2a: Great Tusk
|-supereffective|p2a: Great Tusk
|-damage|p2a: Great Tusk|0 fnt
|faint|p2a: Great Tusk
|-end|p2a: Great Tusk|Protosynthesis|[silent]
|
|upkeep
|
|t:|1781071625
|switch|p2a: Breloom|Breloom, F|100/100
|turn|21
|
|t:|1781071634
|switch|p1a: Pecharunt|Pecharunt|100/100
|move|p2a: Breloom|Rock Tomb|p1a: Pecharunt
|-damage|p1a: Pecharunt|83/100
|-unboost|p1a: Pecharunt|spe|1
|
|upkeep
|turn|22
|
|t:|1781071642
|move|p2a: Breloom|Bulldoze|p1a: Pecharunt
|-supereffective|p1a: Pecharunt
|-damage|p1a: Pecharunt|51/100
|-unboost|p1a: Pecharunt|spe|1
|move|p1a: Pecharunt|Parting Shot|p2a: Breloom
|-unboost|p2a: Breloom|atk|1
|-unboost|p2a: Breloom|spa|1
|
|t:|1781071667
|switch|p1a: Ceruledge|Ceruledge, M|100/100|[from] Parting Shot
|-damage|p1a: Ceruledge|76/100|[from] Stealth Rock
|
|upkeep
|turn|23
|l| AbrarS
|inactive|zylsnbb has 120 seconds left.
|
|t:|1781071685
|-terastallize|p1a: Ceruledge|Grass
|move|p2a: Breloom|Bullet Seed|p1a: Ceruledge
|-resisted|p1a: Ceruledge
|-damage|p1a: Ceruledge|68/100
|-resisted|p1a: Ceruledge
|-damage|p1a: Ceruledge|60/100
|-resisted|p1a: Ceruledge
|-damage|p1a: Ceruledge|52/100
|-hitcount|p1a: Ceruledge|3
|move|p1a: Ceruledge|Bulk Up|p1a: Ceruledge
|-boost|p1a: Ceruledge|atk|1
|-boost|p1a: Ceruledge|def|1
|
|upkeep
|turn|24
|
|t:|1781071694
|move|p2a: Breloom|Rock Tomb|p1a: Ceruledge
|-damage|p1a: Ceruledge|33/100
|move|p1a: Ceruledge|Bitter Blade|p2a: Breloom
|-supereffective|p2a: Breloom
|-enditem|p2a: Breloom|Focus Sash
|-damage|p2a: Breloom|1/100
|-heal|p1a: Ceruledge|70/100|[from] drain|[of] p2a: Breloom
|
|upkeep
|turn|25
|j| splat__t3r
|
|t:|1781071706
|move|p2a: Breloom|Bullet Seed|p1a: Ceruledge
|-resisted|p1a: Ceruledge
|-damage|p1a: Ceruledge|65/100
|-resisted|p1a: Ceruledge
|-damage|p1a: Ceruledge|59/100
|-hitcount|p1a: Ceruledge|2
|move|p1a: Ceruledge|Bulk Up|p1a: Ceruledge
|-boost|p1a: Ceruledge|atk|1
|-boost|p1a: Ceruledge|def|1
|
|upkeep
|turn|26
|
|t:|1781071710
|switch|p2a: Dragonite|Dragonite, F|100/100
|move|p1a: Ceruledge|Shadow Sneak|p2a: Dragonite
|-damage|p2a: Dragonite|75/100
|
|upkeep
|turn|27
|
|t:|1781071717
|move|p2a: Dragonite|Extreme Speed|p1a: Ceruledge
|-damage|p1a: Ceruledge|41/100
|move|p1a: Ceruledge|Bulk Up|p1a: Ceruledge
|-boost|p1a: Ceruledge|atk|1
|-boost|p1a: Ceruledge|def|1
|
|upkeep
|turn|28
|
|t:|1781071721
|move|p1a: Ceruledge|Shadow Sneak|p2a: Dragonite
|-damage|p2a: Dragonite|14/100
|move|p2a: Dragonite|Encore|p1a: Ceruledge
|-start|p1a: Ceruledge|Encore
|
|upkeep
|turn|29
|
|t:|1781071725
|switch|p2a: Kingambit|Kingambit, M|100/100
|-activate|p2a: Kingambit|ability: Supreme Overlord
|-start|p2a: Kingambit|fallen2|[silent]
|-item|p2a: Kingambit|Air Balloon
|move|p1a: Ceruledge|Shadow Sneak|p2a: Kingambit
|-resisted|p2a: Kingambit
|-crit|p2a: Kingambit
|-damage|p2a: Kingambit|67/100
|-enditem|p2a: Kingambit|Air Balloon
|
|upkeep
|turn|30
|
|t:|1781071731
|move|p1a: Ceruledge|Shadow Sneak|p2a: Kingambit
|-resisted|p2a: Kingambit
|-damage|p2a: Kingambit|45/100
|move|p2a: Kingambit|Kowtow Cleave|p1a: Ceruledge
|-damage|p1a: Ceruledge|12/100
|
|upkeep
|turn|31
|
|t:|1781071738
|move|p1a: Ceruledge|Shadow Sneak|p2a: Kingambit
|-resisted|p2a: Kingambit
|-damage|p2a: Kingambit|23/100
|move|p2a: Kingambit|Kowtow Cleave|p1a: Ceruledge
|-damage|p1a: Ceruledge|0 fnt
|faint|p1a: Ceruledge
|
|upkeep
|
|t:|1781071745
|switch|p1a: Weavile|Weavile, F|52/100
|-ability|p1a: Weavile|Pressure
|turn|32
|
|t:|1781071761
|switch|p1a: Chesnaught|Chesnaught, F|94/100
|-damage|p1a: Chesnaught|88/100|[from] Stealth Rock
|-end|p2a: Kingambit|fallen2|[silent]
|switch|p2a: Ceruledge|Ceruledge, F|82/100 tox
|
|-damage|p2a: Ceruledge|76/100 tox|[from] psn
|upkeep
|turn|33
|inactive|zylsnbb has 120 seconds left.
|
|t:|1781071812
|switch|p1a: Pecharunt|Pecharunt|51/100
|move|p2a: Ceruledge|Bitter Blade|p1a: Pecharunt
|-damage|p1a: Pecharunt|28/100
|-heal|p2a: Ceruledge|91/100 tox|[from] drain|[of] p1a: Pecharunt
|
|-damage|p2a: Ceruledge|79/100 tox|[from] psn
|upkeep
|turn|34
|
|t:|1781071822
|move|p2a: Ceruledge|Swords Dance|p2a: Ceruledge
|-boost|p2a: Ceruledge|atk|2
|move|p1a: Pecharunt|Shadow Ball|p2a: Ceruledge
|-supereffective|p2a: Ceruledge
|-damage|p2a: Ceruledge|17/100 tox
|
|-damage|p2a: Ceruledge|0 fnt|[from] psn
|faint|p2a: Ceruledge
|upkeep
|
|t:|1781071826
|switch|p2a: Breloom|Breloom, F|1/100
|turn|35
|
|t:|1781071830
|move|p2a: Breloom|Bulldoze|p1a: Pecharunt
|-supereffective|p1a: Pecharunt
|-damage|p1a: Pecharunt|0 fnt
|faint|p1a: Pecharunt
|
|upkeep
|inactive|zylsnbb has 120 seconds left.
|
|t:|1781071837
|switch|p1a: Weavile|Weavile, F|52/100
|-ability|p1a: Weavile|Pressure
|turn|36
|l| splat__t3r
|
|t:|1781071845
|switch|p1a: Chesnaught|Chesnaught, F|88/100
|-damage|p1a: Chesnaught|82/100|[from] Stealth Rock
|move|p2a: Breloom|Mach Punch|p1a: Chesnaught
|-damage|p1a: Chesnaught|65/100
|-damage|p2a: Breloom|0 fnt|[from] item: Rocky Helmet|[of] p1a: Chesnaught
|faint|p2a: Breloom
|
|upkeep
|
|t:|1781071849
|switch|p2a: Dragonite|Dragonite, F|14/100
|turn|37
|
|t:|1781071857
|move|p2a: Dragonite|Fire Punch|p1a: Chesnaught
|-supereffective|p1a: Chesnaught
|-damage|p1a: Chesnaught|29/100
|-damage|p2a: Dragonite|0 fnt|[from] item: Rocky Helmet|[of] p1a: Chesnaught
|faint|p2a: Dragonite
|move|p1a: Chesnaught|Body Press|p2: Dragonite|[notarget]
|-fail|p1a: Chesnaught
|
|upkeep
|
|t:|1781071860
|switch|p2a: Kingambit|Kingambit, M|23/100
|-activate|p2a: Kingambit|ability: Supreme Overlord
|-start|p2a: Kingambit|fallen5|[silent]
|turn|38
|
|t:|1781071864
|move|p2a: Kingambit|Swords Dance|p2a: Kingambit
|-boost|p2a: Kingambit|atk|2
|move|p1a: Chesnaught|Body Press|p2a: Kingambit
|-supereffective|p2a: Kingambit
|-damage|p2a: Kingambit|0 fnt
|faint|p2a: Kingambit
|-end|p2a: Kingambit|fallen5|[silent]
|
|win|zylsnbb
|raw|zylsnbb's rating: 1602 &rarr; <strong>1622</strong><br />(+20 for winning)
|raw|barbordor's rating: 1608 &rarr; <strong>1588</strong><br />(-20 for losing)
|l|☆barbordor
|player|p2|
|l|☆zylsnbb
|player|p1|
