|j|☆samohi0
|j|☆Ryan's World
|t:|1781419220
|gametype|singles
|player|p1|samohi0|170|1644
|player|p2|Ryan's World|266|1586
|gen|9
|tier|[Gen 9] OU
|rated|
|rule|HP Percentage Mod: HP is shown in percentages
|rule|Endless Battle Clause: Forcing endless battles is banned
|rule|Species Clause: Limit one of each Pokémon
|rule|OHKO Clause: OHKO moves are banned
|rule|Evasion Items Clause: Evasion items are banned
|rule|Evasion Moves Clause: Evasion moves are banned
|rule|Evasion Abilities Clause: Evasion abilities are banned
|rule|Sleep Moves Clause: Sleep-inducing moves are banned
|clearpoke
|poke|p1|Lokix, F|
|poke|p1|Iron Valiant|
|poke|p1|Alomomola, L99, M|
|poke|p1|Mandibuzz, F|
|poke|p1|Great Tusk|
|poke|p1|Gholdengo|
|poke|p2|Ceruledge, F|
|poke|p2|Deoxys-Speed|
|poke|p2|Slowking-Galar, M|
|poke|p2|Grimmsnarl, M|
|poke|p2|Kyurem|
|poke|p2|Great Tusk|
|teampreview
|inactive|Battle timer is ON: inactive players will automatically lose when time's up. (requested by Ryan's World)
|
|t:|1781419232
|teamsize|p1|6
|teamsize|p2|6
|start
|switch|p1a: Shining Agito|Lokix, F, shiny|100/100
|switch|p2a: Grimmsnarl|Grimmsnarl, M|100/100
|turn|1
|
|t:|1781419235
|move|p2a: Grimmsnarl|Reflect|p2a: Grimmsnarl
|-sidestart|p2: Ryan's World|Reflect
|move|p1a: Shining Agito|U-turn|p2a: Grimmsnarl
|-damage|p2a: Grimmsnarl|71/100
|
|t:|1781419238
|switch|p1a: G3-X|Iron Valiant, shiny|100/100|[from] U-turn
|
|upkeep
|turn|2
|
|t:|1781419241
|move|p2a: Grimmsnarl|Light Screen|p2a: Grimmsnarl
|-sidestart|p2: Ryan's World|move: Light Screen
|move|p1a: G3-X|Moonblast|p2a: Grimmsnarl
|-supereffective|p2a: Grimmsnarl
|-damage|p2a: Grimmsnarl|22/100
|
|upkeep
|turn|3
|
|t:|1781419245
|-end|p1a: G3-X|Quark Drive|[silent]
|switch|p1a: Tetsuya Sawaki|Alomomola, L99, M|100/100
|switch|p2a: Slowking|Slowking-Galar, M|100/100
|
|upkeep
|turn|4
|
|t:|1781419249
|move|p2a: Slowking|Nasty Plot|p2a: Slowking
|-boost|p2a: Slowking|spa|2
|move|p1a: Tetsuya Sawaki|Scald|p2a: Slowking
|-damage|p2a: Slowking|95/100
|
|upkeep
|turn|5
|
|t:|1781419252
|move|p2a: Slowking|Sludge Bomb|p1a: Tetsuya Sawaki
|-damage|p1a: Tetsuya Sawaki|40/100
|-damage|p2a: Slowking|85/100|[from] item: Life Orb
|move|p1a: Tetsuya Sawaki|Flip Turn|p2a: Slowking
|-damage|p2a: Slowking|74/100
|
|t:|1781419255
|switch|p1a: MACHINE TORNADER|Gholdengo|100/100|[from] Flip Turn
|
|upkeep
|turn|6
|
|t:|1781419264
|move|p1a: MACHINE TORNADER|Shadow Ball|p2a: Slowking
|-supereffective|p2a: Slowking
|-damage|p2a: Slowking|31/100
|move|p2a: Slowking|Flamethrower|p1a: MACHINE TORNADER
|-supereffective|p1a: MACHINE TORNADER
|-damage|p1a: MACHINE TORNADER|0 fnt
|faint|p1a: MACHINE TORNADER
|-damage|p2a: Slowking|22/100|[from] item: Life Orb
|
|upkeep
|
|t:|1781419268
|switch|p1a: Shining Agito|Lokix, F, shiny|100/100
|turn|7
|
|t:|1781419271
|switch|p2a: Grimmsnarl|Grimmsnarl, M|22/100
|move|p1a: Shining Agito|Knock Off|p2a: Grimmsnarl
|-resisted|p2a: Grimmsnarl
|-damage|p2a: Grimmsnarl|0 fnt
|-enditem|p2a: Grimmsnarl|Light Clay|[from] move: Knock Off|[of] p1a: Shining Agito
|faint|p2a: Grimmsnarl
|
|upkeep
|
|t:|1781419282
|switch|p2a: Ceruledge|Ceruledge, F|100/100
|turn|8
|
|t:|1781419289
|switch|p1a: Overlord|Mandibuzz, F|100/100
|move|p2a: Ceruledge|Swords Dance|p2a: Ceruledge
|-boost|p2a: Ceruledge|atk|2
|
|-sideend|p2: Ryan's World|Reflect
|upkeep
|turn|9
|
|t:|1781419298
|move|p2a: Ceruledge|Bitter Blade|p1a: Overlord
|-damage|p1a: Overlord|28/100
|-damage|p2a: Ceruledge|91/100|[from] item: Life Orb
|move|p1a: Overlord|Foul Play|p2a: Ceruledge
|-supereffective|p2a: Ceruledge
|-damage|p2a: Ceruledge|0 fnt
|faint|p2a: Ceruledge
|
|-sideend|p2: Ryan's World|move: Light Screen
|upkeep
|
|t:|1781419304
|switch|p2a: Kyurem|Kyurem|100/100
|-ability|p2a: Kyurem|Pressure
|turn|10
|
|t:|1781419309
|switch|p1a: Tetsuya Sawaki|Alomomola, L99, M|73/100
|move|p2a: Kyurem|Dragon Dance|p2a: Kyurem
|-boost|p2a: Kyurem|atk|1
|-boost|p2a: Kyurem|spe|1
|
|upkeep
|turn|11
|
|t:|1781419314
|move|p2a: Kyurem|Freeze-Dry|p1a: Tetsuya Sawaki
|-supereffective|p1a: Tetsuya Sawaki
|-damage|p1a: Tetsuya Sawaki|40/100
|move|p1a: Tetsuya Sawaki|Play Rough|p2a: Kyurem
|-supereffective|p2a: Kyurem
|-damage|p2a: Kyurem|69/100
|
|upkeep
|turn|12
|
|t:|1781419319
|move|p2a: Kyurem|Icicle Spear|p1a: Tetsuya Sawaki
|-resisted|p1a: Tetsuya Sawaki
|-damage|p1a: Tetsuya Sawaki|34/100
|-resisted|p1a: Tetsuya Sawaki
|-damage|p1a: Tetsuya Sawaki|27/100
|-resisted|p1a: Tetsuya Sawaki
|-damage|p1a: Tetsuya Sawaki|20/100
|-resisted|p1a: Tetsuya Sawaki
|-damage|p1a: Tetsuya Sawaki|14/100
|-hitcount|p1a: Tetsuya Sawaki|4
|move|p1a: Tetsuya Sawaki|Mirror Coat||[still]
|-fail|p1a: Tetsuya Sawaki
|
|upkeep
|turn|13
|
|t:|1781419328
|move|p2a: Kyurem|Icicle Spear|p1a: Tetsuya Sawaki
|-resisted|p1a: Tetsuya Sawaki
|-damage|p1a: Tetsuya Sawaki|7/100
|-resisted|p1a: Tetsuya Sawaki
|-damage|p1a: Tetsuya Sawaki|1/100
|-resisted|p1a: Tetsuya Sawaki
|-damage|p1a: Tetsuya Sawaki|0 fnt
|faint|p1a: Tetsuya Sawaki
|-hitcount|p1: Tetsuya Sawaki|3
|
|upkeep
|
|t:|1781419329
|switch|p1a: Shining Agito|Lokix, F, shiny|100/100
|turn|14
|
|t:|1781419333
|-terastallize|p1a: Shining Agito|Bug
|move|p1a: Shining Agito|First Impression|p2a: Kyurem
|-damage|p2a: Kyurem|0 fnt
|faint|p2a: Kyurem
|
|upkeep
|
|t:|1781419338
|switch|p2a: Great Tusk|Great Tusk|100/100
|-enditem|p2a: Great Tusk|Booster Energy
|-activate|p2a: Great Tusk|ability: Protosynthesis|[fromitem]
|-start|p2a: Great Tusk|protosynthesisatk
|turn|15
|
|t:|1781419349
|switch|p1a: Overlord|Mandibuzz, F|28/100
|move|p2a: Great Tusk|Rapid Spin|p1a: Overlord
|-damage|p1a: Overlord|14/100
|-boost|p2a: Great Tusk|spe|1
|
|upkeep
|turn|16
|
|t:|1781419354
|move|p2a: Great Tusk|Ice Spinner|p1a: Overlord
|-supereffective|p1a: Overlord
|-damage|p1a: Overlord|0 fnt
|faint|p1a: Overlord
|
|upkeep
|
|t:|1781419361
|switch|p1a: G3-X|Iron Valiant, shiny|100/100
|turn|17
|
|t:|1781419363
|move|p2a: Great Tusk|Headlong Rush|p1a: G3-X
|-damage|p1a: G3-X|0 fnt
|-unboost|p2a: Great Tusk|def|1
|-unboost|p2a: Great Tusk|spd|1
|faint|p1a: G3-X
|-end|p1a: G3-X|Quark Drive|[silent]
|
|upkeep
|
|t:|1781419366
|switch|p1a: Gills Exceed|Great Tusk|100/100
|turn|18
|
|t:|1781419370
|move|p2a: Great Tusk|Ice Spinner|p1a: Gills Exceed
|-supereffective|p1a: Gills Exceed
|-damage|p1a: Gills Exceed|47/100
|move|p1a: Gills Exceed|Headlong Rush|p2a: Great Tusk
|-damage|p2a: Great Tusk|37/100
|-unboost|p1a: Gills Exceed|def|1
|-unboost|p1a: Gills Exceed|spd|1
|
|upkeep
|turn|19
|
|t:|1781419375
|move|p2a: Great Tusk|Headlong Rush|p1a: Gills Exceed
|-damage|p1a: Gills Exceed|0 fnt
|-unboost|p2a: Great Tusk|def|1
|-unboost|p2a: Great Tusk|spd|1
|faint|p1a: Gills Exceed
|-end|p1a: Gills Exceed|Protosynthesis|[silent]
|
|upkeep
|
|t:|1781419377
|switch|p1a: Shining Agito|Lokix, F, shiny, tera:Bug|100/100
|turn|20
|
|t:|1781419379
|move|p2a: Great Tusk|Temper Flare|p1a: Shining Agito
|-supereffective|p1a: Shining Agito
|-damage|p1a: Shining Agito|0 fnt
|faint|p1a: Shining Agito
|
|win|Ryan's World
|raw|samohi0's rating: 1644 &rarr; <strong>1621</strong><br />(-23 for losing)
|raw|Ryan&apos;s World's rating: 1586 &rarr; <strong>1609</strong><br />(+23 for winning)
|l|☆samohi0
|player|p1|
|l|☆Ryan's World
|player|p2|
