|j|☆scizorsaopaulino
|j|☆brilliance12345678
|t:|1781542829
|gametype|singles
|player|p1|scizorsaopaulino|roxie|1496
|player|p2|brilliance12345678|lady-gen4|1527
|gen|9
|tier|[Gen 9] OU
|rated|
|rule|HP Percentage Mod: HP is shown in percentages
|rule|Endless Battle Clause: Forcing endless battles is banned
|rule|Species Clause: Limit one of each Pokémon
|rule|OHKO Clause: OHKO moves are banned
|rule|Evasion Items Clause: Evasion items are banned
|rule|Evasion Moves Clause: Evasion moves are banned
|rule|Evasion Abilities Clause: Evasion abilities are banned
|rule|Sleep Moves Clause: Sleep-inducing moves are banned
|clearpoke
|poke|p1|Scizor, M|
|poke|p1|Ting-Lu|
|poke|p1|Lokix, F|
|poke|p1|Keldeo-Resolute|
|poke|p1|Corviknight, F|
|poke|p1|Sinistcha|
|poke|p2|Araquanid, M|
|poke|p2|Ogerpon-Wellspring, F|
|poke|p2|Gholdengo|
|poke|p2|Darkrai|
|poke|p2|Great Tusk|
|poke|p2|Glimmora, F|
|teampreview
|
|t:|1781542838
|teamsize|p1|6
|teamsize|p2|6
|start
|switch|p1a: Sinistcha|Sinistcha|100/100
|switch|p2a: Araquanid|Araquanid, M|100/100
|turn|1
|
|t:|1781542848
|move|p1a: Sinistcha|Calm Mind|p1a: Sinistcha
|-boost|p1a: Sinistcha|spa|1
|-boost|p1a: Sinistcha|spd|1
|move|p2a: Araquanid|Sticky Web|p1a: Sinistcha
|-sidestart|p1: scizorsaopaulino|move: Sticky Web
|
|upkeep
|turn|2
|
|t:|1781542851
|move|p1a: Sinistcha|Matcha Gotcha|p2a: Araquanid
|-damage|p2a: Araquanid|61/100
|move|p2a: Araquanid|Pounce|p1a: Sinistcha
|-damage|p1a: Sinistcha|87/100
|-unboost|p1a: Sinistcha|spe|1
|
|upkeep
|turn|3
|inactive|Battle timer is ON: inactive players will automatically lose when time's up. (requested by brilliance12345678)
|
|t:|1781542860
|move|p2a: Araquanid|Liquidation|p1a: Sinistcha
|-resisted|p1a: Sinistcha
|-damage|p1a: Sinistcha|64/100
|move|p1a: Sinistcha|Matcha Gotcha|p2a: Araquanid
|-damage|p2a: Araquanid|19/100
|-heal|p1a: Sinistcha|85/100|[from] drain|[of] p2a: Araquanid
|
|upkeep
|turn|4
|-enditem|p2a: Araquanid|Custap Berry|[eat]
|-activate|p2a: Araquanid|item: Custap Berry|[consumed]
|
|t:|1781542867
|move|p2a: Araquanid|Liquidation|p1a: Sinistcha
|-resisted|p1a: Sinistcha
|-damage|p1a: Sinistcha|61/100
|-unboost|p1a: Sinistcha|def|1
|move|p1a: Sinistcha|Matcha Gotcha|p2a: Araquanid
|-crit|p2a: Araquanid
|-damage|p2a: Araquanid|0 fnt
|-heal|p1a: Sinistcha|71/100|[from] drain|[of] p2a: Araquanid
|faint|p2a: Araquanid
|
|upkeep
|
|t:|1781542871
|switch|p2a: Darkrai|Darkrai|100/100
|turn|5
|
|t:|1781542880
|switch|p1a: Ting-Lu|Ting-Lu|100/100
|-activate|p1a: Ting-Lu|move: Sticky Web
|-unboost|p1a: Ting-Lu|spe|1
|-ability|p1a: Ting-Lu|Vessel of Ruin
|move|p2a: Darkrai|Dark Pulse|p1a: Ting-Lu
|-resisted|p1a: Ting-Lu
|-damage|p1a: Ting-Lu|90/100
|
|-heal|p1a: Ting-Lu|96/100|[from] item: Leftovers
|upkeep
|turn|6
|
|t:|1781542885
|move|p2a: Darkrai|Nasty Plot|p2a: Darkrai
|-boost|p2a: Darkrai|spa|2
|move|p1a: Ting-Lu|Stealth Rock|p2a: Darkrai
|-sidestart|p2: brilliance12345678|move: Stealth Rock
|
|-heal|p1a: Ting-Lu|100/100|[from] item: Leftovers
|upkeep
|turn|7
|
|t:|1781542890
|move|p2a: Darkrai|Ice Beam|p1a: Ting-Lu
|-supereffective|p1a: Ting-Lu
|-damage|p1a: Ting-Lu|39/100
|move|p1a: Ting-Lu|Whirlwind|p2a: Darkrai
|drag|p2a: Glimmora|Glimmora, F|100/100
|-damage|p2a: Glimmora|88/100|[from] Stealth Rock
|
|-heal|p1a: Ting-Lu|45/100|[from] item: Leftovers
|upkeep
|turn|8
|
|t:|1781542897
|move|p2a: Glimmora|Meteor Beam||[still]
|-prepare|p2a: Glimmora|Meteor Beam
|-boost|p2a: Glimmora|spa|1
|-enditem|p2a: Glimmora|Power Herb
|-anim|p2a: Glimmora|Meteor Beam|p1a: Ting-Lu
|-resisted|p1a: Ting-Lu
|-damage|p1a: Ting-Lu|23/100
|move|p1a: Ting-Lu|Earthquake|p2a: Glimmora
|-supereffective|p2a: Glimmora
|-damage|p2a: Glimmora|0 fnt
|-activate|p2a: Glimmora|ability: Toxic Debris
|-sidestart|p1: scizorsaopaulino|move: Toxic Spikes
|faint|p2a: Glimmora
|
|-heal|p1a: Ting-Lu|29/100|[from] item: Leftovers
|upkeep
|
|t:|1781542903
|switch|p2a: Great Tusk|Great Tusk|100/100
|-damage|p2a: Great Tusk|98/100|[from] Stealth Rock
|-enditem|p2a: Great Tusk|Booster Energy
|-activate|p2a: Great Tusk|ability: Protosynthesis|[fromitem]
|-start|p2a: Great Tusk|protosynthesisatk
|turn|9
|
|t:|1781542907
|switch|p1a: Sinistcha|Sinistcha|71/100
|move|p2a: Great Tusk|Rapid Spin|p1a: Sinistcha
|-immune|p1a: Sinistcha
|
|upkeep
|turn|10
|
|t:|1781542913
|move|p2a: Great Tusk|Head Smash|p1a: Sinistcha
|-damage|p1a: Sinistcha|19/100
|-damage|p2a: Great Tusk|73/100|[from] Recoil
|move|p1a: Sinistcha|Strength Sap|p2a: Great Tusk
|-unboost|p2a: Great Tusk|atk|1
|-heal|p1a: Sinistcha|100/100
|
|upkeep
|turn|11
|
|t:|1781542927
|-end|p2a: Great Tusk|Protosynthesis|[silent]
|switch|p2a: Darkrai|Darkrai|100/100
|-damage|p2a: Darkrai|88/100|[from] Stealth Rock
|move|p1a: Sinistcha|Matcha Gotcha|p2a: Darkrai
|-crit|p2a: Darkrai
|-damage|p2a: Darkrai|19/100
|
|upkeep
|turn|12
|inactive|brilliance12345678 has 120 seconds left.
|inactive|scizorsaopaulino has 120 seconds left.
|inactive|brilliance12345678 has 90 seconds left.
|inactive|brilliance12345678 has 60 seconds left.
|inactive|scizorsaopaulino has 90 seconds left.
|
|t:|1781543031
|-terastallize|p1a: Sinistcha|Fairy
|move|p2a: Darkrai|Dark Pulse|p1a: Sinistcha
|-resisted|p1a: Sinistcha
|-damage|p1a: Sinistcha|72/100
|cant|p1a: Sinistcha|flinch
|
|upkeep
|turn|13
|inactive|scizorsaopaulino has 90 seconds left.
|
|t:|1781543039
|switch|p2a: Gholdengo|Gholdengo|100/100
|-damage|p2a: Gholdengo|94/100|[from] Stealth Rock
|-item|p2a: Gholdengo|Air Balloon
|move|p1a: Sinistcha|Shadow Ball|p2a: Gholdengo
|-supereffective|p2a: Gholdengo
|-damage|p2a: Gholdengo|16/100
|-enditem|p2a: Gholdengo|Air Balloon
|
|upkeep
|turn|14
|inactive|scizorsaopaulino has 90 seconds left.
|
|t:|1781543052
|switch|p1a: Ting-Lu|Ting-Lu|29/100
|-activate|p1a: Ting-Lu|move: Sticky Web
|-unboost|p1a: Ting-Lu|spe|1
|-status|p1a: Ting-Lu|psn
|-ability|p1a: Ting-Lu|Vessel of Ruin
|move|p2a: Gholdengo|Make It Rain|p1a: Ting-Lu
|-damage|p1a: Ting-Lu|0 fnt
|-unboost|p2a: Gholdengo|spa|1
|faint|p1a: Ting-Lu
|
|upkeep
|
|t:|1781543055
|switch|p1a: Scizor|Scizor, M|100/100
|-activate|p1a: Scizor|move: Sticky Web
|-unboost|p1a: Scizor|spe|1
|turn|15
|
|t:|1781543062
|move|p2a: Gholdengo|Shadow Ball|p1a: Scizor
|-damage|p1a: Scizor|63/100
|move|p1a: Scizor|U-turn|p2a: Gholdengo
|-resisted|p2a: Gholdengo
|-damage|p2a: Gholdengo|1/100
|
|t:|1781543066
|switch|p1a: Keldeo|Keldeo-Resolute|100/100|[from] U-turn
|-activate|p1a: Keldeo|move: Sticky Web
|-unboost|p1a: Keldeo|spe|1
|-status|p1a: Keldeo|psn
|
|-damage|p1a: Keldeo|88/100 psn|[from] psn
|upkeep
|turn|16
|
|t:|1781543071
|move|p2a: Gholdengo|Psyshock|p1a: Keldeo
|-supereffective|p1a: Keldeo
|-damage|p1a: Keldeo|37/100 psn
|move|p1a: Keldeo|Flip Turn|p2a: Gholdengo
|-crit|p2a: Gholdengo
|-damage|p2a: Gholdengo|0 fnt
|faint|p2a: Gholdengo
|
|t:|1781543078
|switch|p1a: Corviknight|Corviknight, F|100/100|[from] Flip Turn
|-ability|p1a: Corviknight|Pressure
|
|upkeep
|
|t:|1781543083
|switch|p2a: Ogerpon|Ogerpon-Wellspring, F|100/100
|-damage|p2a: Ogerpon|88/100|[from] Stealth Rock
|turn|17
|
|t:|1781543089
|move|p2a: Ogerpon|Ivy Cudgel|p1a: Corviknight|[anim] Ivy Cudgel Water
|-damage|p1a: Corviknight|62/100
|move|p1a: Corviknight|Defog|p2a: Ogerpon
|-unboost|p2a: Ogerpon|evasion|1
|-sideend|p2: brilliance12345678|Stealth Rock|[from] move: Defog|[of] p1a: Corviknight
|-sideend|p1: scizorsaopaulino|Toxic Spikes|[from] move: Defog|[of] p1a: Corviknight
|-sideend|p1: scizorsaopaulino|Sticky Web|[from] move: Defog|[of] p1a: Corviknight
|
|upkeep
|turn|18
|
|t:|1781543094
|move|p2a: Ogerpon|Swords Dance|p2a: Ogerpon
|-boost|p2a: Ogerpon|atk|2
|move|p1a: Corviknight|Brave Bird|p2a: Ogerpon
|-supereffective|p2a: Ogerpon
|-damage|p2a: Ogerpon|0 fnt
|faint|p2a: Ogerpon
|-damage|p1a: Corviknight|40/100|[from] Recoil
|
|upkeep
|
|t:|1781543099
|switch|p2a: Darkrai|Darkrai|19/100
|turn|19
|
|t:|1781543102
|move|p2a: Darkrai|Dark Pulse|p1a: Corviknight
|-damage|p1a: Corviknight|0 fnt
|faint|p1a: Corviknight
|
|upkeep
|
|t:|1781543104
|switch|p1a: Lokix|Lokix, F|100/100
|turn|20
|
|t:|1781543108
|move|p1a: Lokix|First Impression|p2a: Darkrai
|-supereffective|p2a: Darkrai
|-damage|p2a: Darkrai|0 fnt
|faint|p2a: Darkrai
|
|upkeep
|
|t:|1781543111
|switch|p2a: Great Tusk|Great Tusk|73/100
|turn|21
|
|t:|1781543115
|switch|p1a: Sinistcha|Sinistcha, tera:Fairy|72/100
|move|p2a: Great Tusk|Rapid Spin|p1a: Sinistcha
|-damage|p1a: Sinistcha|59/100
|-boost|p2a: Great Tusk|spe|1
|
|upkeep
|turn|22
|
|t:|1781543119
|-terastallize|p2a: Great Tusk|Ground
|move|p2a: Great Tusk|Headlong Rush|p1a: Sinistcha
|-damage|p1a: Sinistcha|0 fnt
|-unboost|p2a: Great Tusk|def|1
|-unboost|p2a: Great Tusk|spd|1
|faint|p1a: Sinistcha
|
|upkeep
|
|t:|1781543126
|switch|p1a: Lokix|Lokix, F|100/100
|turn|23
|
|t:|1781543132
|move|p1a: Lokix|First Impression|p2a: Great Tusk
|-damage|p2a: Great Tusk|6/100
|move|p2a: Great Tusk|Head Smash|p1a: Lokix|[miss]
|-miss|p2a: Great Tusk|p1a: Lokix
|
|upkeep
|turn|24
|
|t:|1781543140
|switch|p1a: Keldeo|Keldeo-Resolute|37/100 psn
|move|p2a: Great Tusk|Close Combat|p1a: Keldeo
|-damage|p1a: Keldeo|0 fnt
|-unboost|p2a: Great Tusk|def|1
|-unboost|p2a: Great Tusk|spd|1
|faint|p1a: Keldeo
|
|upkeep
|
|t:|1781543142
|switch|p1a: Lokix|Lokix, F|100/100
|turn|25
|
|t:|1781543149
|move|p1a: Lokix|First Impression|p2a: Great Tusk
|-damage|p2a: Great Tusk|0 fnt
|faint|p2a: Great Tusk
|-end|p2a: Great Tusk|Protosynthesis|[silent]
|
|win|scizorsaopaulino
|raw|scizorsaopaulino's rating: 1496 &rarr; <strong>1518</strong><br />(+22 for winning)
|raw|brilliance12345678's rating: 1527 &rarr; <strong>1505</strong><br />(-22 for losing)
|l|☆brilliance12345678
|player|p2|
|l|☆scizorsaopaulino
|player|p1|
