|j|☆NoirShaadow
|j|☆EtnaArmpits
|t:|1781199375
|gametype|singles
|player|p1|NoirShaadow|sage|1690
|player|p2|EtnaArmpits|102|1623
|gen|9
|tier|[Gen 9] OU
|rated|
|rule|HP Percentage Mod: HP is shown in percentages
|rule|Endless Battle Clause: Forcing endless battles is banned
|rule|Species Clause: Limit one of each Pokémon
|rule|OHKO Clause: OHKO moves are banned
|rule|Evasion Items Clause: Evasion items are banned
|rule|Evasion Moves Clause: Evasion moves are banned
|rule|Evasion Abilities Clause: Evasion abilities are banned
|rule|Sleep Moves Clause: Sleep-inducing moves are banned
|clearpoke
|poke|p1|Ceruledge, F|
|poke|p1|Walking Wake|
|poke|p1|Torkoal, F|
|poke|p1|Great Tusk|
|poke|p1|Venusaur, M|
|poke|p1|Raging Bolt|
|poke|p2|Kyurem|
|poke|p2|Deoxys-Speed|
|poke|p2|Iron Valiant|
|poke|p2|Dragonite, F|
|poke|p2|Darkrai|
|poke|p2|Iron Treads|
|teampreview
|inactive|Battle timer is ON: inactive players will automatically lose when time's up. (requested by EtnaArmpits)
|
|t:|1781199392
|teamsize|p1|6
|teamsize|p2|6
|start
|switch|p1a: Walking Wake|Walking Wake|100/100
|switch|p2a: Iron Treads|Iron Treads|100/100
|-enditem|p2a: Iron Treads|Booster Energy
|-activate|p2a: Iron Treads|ability: Quark Drive|[fromitem]
|-start|p2a: Iron Treads|quarkdrivespe
|turn|1
|
|t:|1781199406
|move|p2a: Iron Treads|Stealth Rock|p1a: Walking Wake
|-sidestart|p1: NoirShaadow|move: Stealth Rock
|move|p1a: Walking Wake|Hydro Steam|p2a: Iron Treads
|-supereffective|p2a: Iron Treads
|-damage|p2a: Iron Treads|0 fnt
|faint|p2a: Iron Treads
|-end|p2a: Iron Treads|Quark Drive|[silent]
|
|upkeep
|
|t:|1781199414
|switch|p2a: Deoxys|Deoxys-Speed|100/100
|-ability|p2a: Deoxys|Pressure
|turn|2
|
|t:|1781199419
|move|p2a: Deoxys|Nasty Plot|p2a: Deoxys
|-boost|p2a: Deoxys|spa|2
|move|p1a: Walking Wake|Hydro Steam|p2a: Deoxys
|-damage|p2a: Deoxys|3/100
|
|upkeep
|turn|3
|
|t:|1781199443
|-end|p1a: Walking Wake|Protosynthesis|[silent]
|switch|p1a: Raging Bolt|Raging Bolt|100/100
|-damage|p1a: Raging Bolt|88/100|[from] Stealth Rock
|move|p2a: Deoxys|Psycho Boost|p1a: Raging Bolt
|-damage|p1a: Raging Bolt|0 fnt
|-unboost|p2a: Deoxys|spa|2
|faint|p1a: Raging Bolt
|-end|p1a: Raging Bolt|Protosynthesis|[silent]
|-damage|p2a: Deoxys|0 fnt|[from] item: Life Orb
|faint|p2a: Deoxys
|
|upkeep
|
|t:|1781199455
|switch|p2a: Kyurem|Kyurem|100/100
|switch|p1a: Torkoal|Torkoal, F|100/100
|-ability|p2a: Kyurem|Pressure
|-damage|p1a: Torkoal|75/100|[from] Stealth Rock
|-weather|SunnyDay|[from] ability: Drought|[of] p1a: Torkoal
|turn|4
|inactive|NoirShaadow has 120 seconds left.
|
|t:|1781199474
|move|p2a: Kyurem|Dragon Dance|p2a: Kyurem
|-boost|p2a: Kyurem|atk|1
|-boost|p2a: Kyurem|spe|1
|move|p1a: Torkoal|Rapid Spin|p2a: Kyurem
|-damage|p2a: Kyurem|90/100
|-boost|p1a: Torkoal|spe|1
|-sideend|p1: NoirShaadow|Stealth Rock|[from] move: Rapid Spin|[of] p1a: Torkoal
|
|-weather|SunnyDay|[upkeep]
|upkeep
|turn|5
|inactive|NoirShaadow has 120 seconds left.
|
|t:|1781199485
|move|p2a: Kyurem|Dragon Dance|p2a: Kyurem
|-boost|p2a: Kyurem|atk|1
|-boost|p2a: Kyurem|spe|1
|move|p1a: Torkoal|Body Press|p2a: Kyurem
|-supereffective|p2a: Kyurem
|-damage|p2a: Kyurem|22/100
|
|-weather|SunnyDay|[upkeep]
|upkeep
|turn|6
|inactive|NoirShaadow has 120 seconds left.
|
|t:|1781199496
|move|p2a: Kyurem|Earth Power|p1a: Torkoal
|-supereffective|p1a: Torkoal
|-damage|p1a: Torkoal|0 fnt
|faint|p1a: Torkoal
|
|-weather|SunnyDay|[upkeep]
|upkeep
|inactive|NoirShaadow has 120 seconds left.
|
|t:|1781199508
|switch|p1a: Ceruledge|Ceruledge, F|100/100
|turn|7
|
|t:|1781199512
|switch|p2a: Darkrai|Darkrai|100/100
|move|p1a: Ceruledge|Shadow Sneak|p2a: Darkrai
|-resisted|p2a: Darkrai
|-damage|p2a: Darkrai|87/100
|
|-weather|SunnyDay|[upkeep]
|upkeep
|turn|8
|
|t:|1781199522
|switch|p1a: Walking Wake|Walking Wake|100/100
|-activate|p1a: Walking Wake|ability: Protosynthesis
|-start|p1a: Walking Wake|protosynthesisspe
|move|p2a: Darkrai|Dark Pulse|p1a: Walking Wake
|-damage|p1a: Walking Wake|46/100
|
|-weather|SunnyDay|[upkeep]
|upkeep
|turn|9
|
|t:|1781199531
|switch|p2a: Kyurem|Kyurem|22/100
|-ability|p2a: Kyurem|Pressure
|move|p1a: Walking Wake|Hydro Steam|p2a: Kyurem
|-resisted|p2a: Kyurem
|-damage|p2a: Kyurem|0 fnt
|faint|p2a: Kyurem
|
|-weather|SunnyDay|[upkeep]
|upkeep
|
|t:|1781199536
|switch|p2a: Dragonite|Dragonite, F|100/100
|turn|10
|
|t:|1781199541
|move|p1a: Walking Wake|Hydro Steam|p2a: Dragonite
|-resisted|p2a: Dragonite
|-damage|p2a: Dragonite|76/100
|move|p2a: Dragonite|Dragon Dance|p2a: Dragonite
|-boost|p2a: Dragonite|atk|1
|-boost|p2a: Dragonite|spe|1
|
|-weather|SunnyDay|[upkeep]
|upkeep
|turn|11
|
|t:|1781199549
|move|p2a: Dragonite|Extreme Speed|p1a: Walking Wake
|-damage|p1a: Walking Wake|0 fnt
|faint|p1a: Walking Wake
|-end|p1a: Walking Wake|Protosynthesis|[silent]
|
|-weather|none
|upkeep
|
|t:|1781199555
|switch|p1a: Great Tusk|Great Tusk|100/100
|turn|12
|
|t:|1781199567
|move|p2a: Dragonite|Ice Punch|p1a: Great Tusk
|-supereffective|p1a: Great Tusk
|-damage|p1a: Great Tusk|35/100
|move|p1a: Great Tusk|Rapid Spin|p2a: Dragonite
|-damage|p2a: Dragonite|57/100
|-boost|p1a: Great Tusk|spe|1
|
|-heal|p1a: Great Tusk|41/100|[from] item: Leftovers
|upkeep
|turn|13
|
|t:|1781199596
|-terastallize|p2a: Dragonite|Normal
|move|p2a: Dragonite|Extreme Speed|p1a: Great Tusk
|-damage|p1a: Great Tusk|0 fnt
|faint|p1a: Great Tusk
|-end|p1a: Great Tusk|Protosynthesis|[silent]
|
|upkeep
|inactive|NoirShaadow has 120 seconds left.
|
|t:|1781199628
|switch|p1a: Ceruledge|Ceruledge, F|100/100
|turn|14
|
|t:|1781199633
|switch|p2a: Darkrai|Darkrai|87/100
|move|p1a: Ceruledge|Swords Dance|p1a: Ceruledge
|-boost|p1a: Ceruledge|atk|2
|
|upkeep
|turn|15
|
|t:|1781199652
|-terastallize|p1a: Ceruledge|Fairy
|move|p2a: Darkrai|Dark Pulse|p1a: Ceruledge
|-resisted|p1a: Ceruledge
|-damage|p1a: Ceruledge|74/100
|cant|p1a: Ceruledge|flinch
|
|upkeep
|turn|16
|
|t:|1781199658
|move|p2a: Darkrai|Sludge Bomb|p1a: Ceruledge
|-supereffective|p1a: Ceruledge
|-damage|p1a: Ceruledge|0 fnt
|faint|p1a: Ceruledge
|
|upkeep
|
|t:|1781199663
|switch|p1a: Venusaur|Venusaur, M|100/100
|turn|17
|
|t:|1781199667
|move|p2a: Darkrai|Ice Beam|p1a: Venusaur
|-supereffective|p1a: Venusaur
|-damage|p1a: Venusaur|25/100
|move|p1a: Venusaur|Giga Drain|p2a: Darkrai
|-damage|p2a: Darkrai|30/100
|-heal|p1a: Venusaur|51/100|[from] drain|[of] p2a: Darkrai
|-damage|p1a: Venusaur|42/100|[from] item: Life Orb
|
|upkeep
|turn|18
|
|t:|1781199674
|move|p2a: Darkrai|Ice Beam|p1a: Venusaur
|-supereffective|p1a: Venusaur
|-damage|p1a: Venusaur|0 fnt
|faint|p1a: Venusaur
|
|win|EtnaArmpits
|raw|NoirShaadow's rating: 1690 &rarr; <strong>1666</strong><br />(-24 for losing)
|raw|EtnaArmpits's rating: 1623 &rarr; <strong>1647</strong><br />(+24 for winning)
|l|☆NoirShaadow
|player|p1|
|l|☆EtnaArmpits
|player|p2|
