|j|☆rockeater9000
|j|☆teamskullenoxa
|t:|1781357302
|gametype|singles
|player|p1|rockeater9000|2|1627
|player|p2|teamskullenoxa|169|1556
|gen|9
|tier|[Gen 9] OU
|rated|
|rule|HP Percentage Mod: HP is shown in percentages
|rule|Endless Battle Clause: Forcing endless battles is banned
|rule|Species Clause: Limit one of each Pokémon
|rule|OHKO Clause: OHKO moves are banned
|rule|Evasion Items Clause: Evasion items are banned
|rule|Evasion Moves Clause: Evasion moves are banned
|rule|Evasion Abilities Clause: Evasion abilities are banned
|rule|Sleep Moves Clause: Sleep-inducing moves are banned
|clearpoke
|poke|p1|Greninja-*, M|
|poke|p1|Glimmora, M|
|poke|p1|Garchomp, F|
|poke|p1|Iron Valiant|
|poke|p1|Kingambit, M|
|poke|p1|Ceruledge, M|
|poke|p2|Pelipper, F|
|poke|p2|Hatterene, F|
|poke|p2|Iron Treads|
|poke|p2|Toxicroak, F|
|poke|p2|Barraskewda, F|
|poke|p2|Zapdos|
|teampreview
|
|t:|1781357350
|teamsize|p1|6
|teamsize|p2|6
|start
|switch|p1a: Glimmora|Glimmora, M|100/100
|switch|p2a: Pelipper|Pelipper, F|100/100
|-weather|RainDance|[from] ability: Drizzle|[of] p2a: Pelipper
|turn|1
|inactive|Battle timer is ON: inactive players will automatically lose when time's up. (requested by teamskullenoxa)
|
|t:|1781357384
|switch|p2a: Hatterene|Hatterene, F|100/100
|move|p1a: Glimmora|Meteor Beam||[still]
|-prepare|p1a: Glimmora|Meteor Beam
|-boost|p1a: Glimmora|spa|1
|-enditem|p1a: Glimmora|Power Herb
|-anim|p1a: Glimmora|Meteor Beam|p2a: Hatterene|[miss]
|-miss|p1a: Glimmora|p2a: Hatterene
|
|-weather|RainDance|[upkeep]
|upkeep
|turn|2
|
|t:|1781357394
|switch|p2a: Iron Treads|Iron Treads|100/100
|move|p1a: Glimmora|Earth Power|p2a: Iron Treads
|-supereffective|p2a: Iron Treads
|-damage|p2a: Iron Treads|26/100
|
|-weather|RainDance|[upkeep]
|-heal|p2a: Iron Treads|32/100|[from] item: Leftovers
|upkeep
|turn|3
|
|t:|1781357421
|move|p1a: Glimmora|Stealth Rock|p2a: Iron Treads
|-sidestart|p2: teamskullenoxa|move: Stealth Rock
|move|p2a: Iron Treads|Earthquake|p1a: Glimmora
|-supereffective|p1a: Glimmora
|-damage|p1a: Glimmora|0 fnt
|-activate|p1a: Glimmora|ability: Toxic Debris
|-sidestart|p2: teamskullenoxa|move: Toxic Spikes
|faint|p1a: Glimmora
|
|-weather|RainDance|[upkeep]
|-heal|p2a: Iron Treads|38/100|[from] item: Leftovers
|upkeep
|
|t:|1781357424
|switch|p1a: Greninja|Greninja, M|100/100
|turn|4
|
|t:|1781357429
|-end|p2a: Iron Treads|Quark Drive|[silent]
|switch|p2a: Toxicroak|Toxicroak, F|100/100
|-damage|p2a: Toxicroak|94/100|[from] Stealth Rock
|-sideend|p2: teamskullenoxa|move: Toxic Spikes|[of] p2a: Toxicroak
|move|p1a: Greninja|Ice Beam|p2a: Toxicroak
|-damage|p2a: Toxicroak|61/100
|
|-weather|RainDance|[upkeep]
|-heal|p2a: Toxicroak|73/100|[from] ability: Dry Skin
|upkeep
|turn|5
|
|t:|1781357437
|switch|p1a: Garchomp|Garchomp, F|100/100
|move|p2a: Toxicroak|Toxic|p1a: Garchomp
|-status|p1a: Garchomp|tox
|
|-weather|RainDance|[upkeep]
|-heal|p2a: Toxicroak|86/100|[from] ability: Dry Skin
|-damage|p1a: Garchomp|94/100 tox|[from] psn
|upkeep
|turn|6
|
|t:|1781357442
|switch|p2a: Hatterene|Hatterene, F|100/100
|-damage|p2a: Hatterene|88/100|[from] Stealth Rock
|move|p1a: Garchomp|Scale Shot|p2a: Hatterene
|-immune|p2a: Hatterene
|
|-weather|RainDance|[upkeep]
|-damage|p1a: Garchomp|82/100 tox|[from] psn
|upkeep
|turn|7
|
|t:|1781357456
|move|p1a: Garchomp|Earthquake|p2a: Hatterene
|-damage|p2a: Hatterene|39/100
|-enditem|p2a: Hatterene|Eject Button
|
|t:|1781357458
|switch|p2a: Barraskewda|Barraskewda, F|100/100
|-damage|p2a: Barraskewda|88/100|[from] Stealth Rock
|
|-weather|RainDance|[upkeep]
|-damage|p1a: Garchomp|64/100 tox|[from] psn
|upkeep
|turn|8
|
|t:|1781357462
|move|p2a: Barraskewda|Liquidation|p1a: Garchomp
|-damage|p1a: Garchomp|0 fnt
|-damage|p2a: Barraskewda|76/100|[from] ability: Rough Skin|[of] p1a: Garchomp
|faint|p1a: Garchomp
|
|-weather|none
|upkeep
|j| nesnot
|
|t:|1781357468
|switch|p1a: Greninja|Greninja, M|100/100
|turn|9
|
|t:|1781357480
|switch|p2a: Hatterene|Hatterene, F|39/100
|-damage|p2a: Hatterene|27/100|[from] Stealth Rock
|move|p1a: Greninja|Dark Pulse|p2a: Hatterene
|-damage|p2a: Hatterene|0 fnt
|faint|p2a: Hatterene
|-ability|p1a: Greninja|Battle Bond|boost
|-boost|p1a: Greninja|atk|1
|-boost|p1a: Greninja|spa|1
|-boost|p1a: Greninja|spe|1
|-activate|p1a: Greninja|ability: Battle Bond
|
|upkeep
|
|t:|1781357482
|switch|p2a: Toxicroak|Toxicroak, F|86/100
|-damage|p2a: Toxicroak|80/100|[from] Stealth Rock
|turn|10
|
|t:|1781357496
|move|p1a: Greninja|Ice Beam|p2a: Toxicroak
|-damage|p2a: Toxicroak|27/100
|move|p2a: Toxicroak|Drain Punch|p1a: Greninja
|-supereffective|p1a: Greninja
|-damage|p1a: Greninja|10/100
|-heal|p2a: Toxicroak|62/100|[from] drain|[of] p1a: Greninja
|
|upkeep
|turn|11
|
|t:|1781357503
|move|p1a: Greninja|Dark Pulse|p2a: Toxicroak
|-resisted|p2a: Toxicroak
|-damage|p2a: Toxicroak|19/100
|cant|p2a: Toxicroak|flinch
|
|upkeep
|turn|12
|
|t:|1781357517
|switch|p2a: Pelipper|Pelipper, F|100/100
|-damage|p2a: Pelipper|76/100|[from] Stealth Rock
|-weather|RainDance|[from] ability: Drizzle|[of] p2a: Pelipper
|move|p1a: Greninja|Dark Pulse|p2a: Pelipper
|-damage|p2a: Pelipper|13/100
|
|-weather|RainDance|[upkeep]
|upkeep
|turn|13
|
|t:|1781357525
|move|p1a: Greninja|Dark Pulse|p2a: Pelipper
|-damage|p2a: Pelipper|0 fnt
|faint|p2a: Pelipper
|
|-weather|RainDance|[upkeep]
|upkeep
|
|t:|1781357527
|switch|p2a: Barraskewda|Barraskewda, F|76/100
|-damage|p2a: Barraskewda|64/100|[from] Stealth Rock
|turn|14
|
|t:|1781357537
|move|p1a: Greninja|Water Shuriken|p2a: Barraskewda
|-resisted|p2a: Barraskewda
|-damage|p2a: Barraskewda|48/100
|-resisted|p2a: Barraskewda
|-damage|p2a: Barraskewda|30/100
|-resisted|p2a: Barraskewda
|-damage|p2a: Barraskewda|13/100
|-hitcount|p2a: Barraskewda|3
|move|p2a: Barraskewda|Liquidation|p1a: Greninja
|-resisted|p1a: Greninja
|-damage|p1a: Greninja|0 fnt
|faint|p1a: Greninja
|
|-weather|RainDance|[upkeep]
|upkeep
|
|t:|1781357567
|switch|p1a: Ceruledge|Ceruledge, M|100/100
|-item|p1a: Ceruledge|Air Balloon
|turn|15
|l| nesnot
|
|t:|1781357576
|switch|p2a: Iron Treads|Iron Treads|38/100
|-damage|p2a: Iron Treads|35/100|[from] Stealth Rock
|move|p1a: Ceruledge|Shadow Sneak|p2a: Iron Treads
|-damage|p2a: Iron Treads|21/100
|
|-weather|RainDance|[upkeep]
|-heal|p2a: Iron Treads|27/100|[from] item: Leftovers
|upkeep
|turn|16
|
|t:|1781357584
|move|p1a: Ceruledge|Poltergeist|p2a: Iron Treads
|-activate|p2a: Iron Treads|move: Poltergeist|Leftovers
|-damage|p2a: Iron Treads|0 fnt
|faint|p2a: Iron Treads
|-end|p2a: Iron Treads|Quark Drive|[silent]
|
|-weather|RainDance|[upkeep]
|upkeep
|
|t:|1781357591
|switch|p2a: Zapdos|Zapdos|100/100
|-damage|p2a: Zapdos|76/100|[from] Stealth Rock
|turn|17
|
|t:|1781357600
|move|p2a: Zapdos|Thunder|p1a: Ceruledge
|-damage|p1a: Ceruledge|9/100
|-enditem|p1a: Ceruledge|Air Balloon
|move|p1a: Ceruledge|Poltergeist|p2a: Zapdos
|-activate|p2a: Zapdos|move: Poltergeist|Choice Specs
|-damage|p2a: Zapdos|6/100
|
|-weather|RainDance|[upkeep]
|upkeep
|turn|18
|
|t:|1781357610
|move|p1a: Ceruledge|Shadow Sneak|p2a: Zapdos
|-damage|p2a: Zapdos|0 fnt
|-status|p1a: Ceruledge|par|[from] ability: Static|[of] p2a: Zapdos
|faint|p2a: Zapdos
|
|-weather|RainDance|[upkeep]
|upkeep
|
|t:|1781357620
|switch|p2a: Barraskewda|Barraskewda, F|13/100
|-damage|p2a: Barraskewda|1/100|[from] Stealth Rock
|turn|19
|
|t:|1781357633
|-terastallize|p2a: Barraskewda|Water
|move|p2a: Barraskewda|Aqua Jet|p1a: Ceruledge
|-supereffective|p1a: Ceruledge
|-damage|p1a: Ceruledge|0 fnt
|faint|p1a: Ceruledge
|
|-weather|none
|upkeep
|
|t:|1781357635
|switch|p1a: Iron Valiant|Iron Valiant|100/100
|-enditem|p1a: Iron Valiant|Booster Energy
|-activate|p1a: Iron Valiant|ability: Quark Drive|[fromitem]
|-start|p1a: Iron Valiant|quarkdrivespe
|turn|20
|
|t:|1781357638
|move|p2a: Barraskewda|Aqua Jet|p1a: Iron Valiant
|-damage|p1a: Iron Valiant|42/100
|move|p1a: Iron Valiant|Moonblast|p2a: Barraskewda
|-damage|p2a: Barraskewda|0 fnt
|faint|p2a: Barraskewda
|
|upkeep
|
|t:|1781357641
|switch|p2a: Toxicroak|Toxicroak, F|19/100
|-damage|p2a: Toxicroak|13/100|[from] Stealth Rock
|turn|21
|-message|teamskullenoxa forfeited.
|
|win|rockeater9000
|raw|rockeater9000's rating: 1627 &rarr; <strong>1643</strong><br />(+16 for winning)
|raw|teamskullenoxa's rating: 1556 &rarr; <strong>1540</strong><br />(-16 for losing)
|l|☆teamskullenoxa
|player|p2|
