|badge|p2|bronze|gen9ou|100-9
|uhtml|medal-msg|<div class="broadcast-blue">Curious what those medals under the avatar are? PS now has Ladder Seasons! For more information, check out the <a href="https://www.smogon.com/forums/threads/3740067/">thread on Smogon.</a></div>
|j|☆Steez Ibanez
|j|☆phreshoatmeal
|t:|1781570476
|gametype|singles
|player|p1|Steez Ibanez|willow-casual|1693
|player|p2|phreshoatmeal|266|1837
|gen|9
|tier|[Gen 9] OU
|rated|
|rule|HP Percentage Mod: HP is shown in percentages
|rule|Endless Battle Clause: Forcing endless battles is banned
|rule|Species Clause: Limit one of each Pokémon
|rule|OHKO Clause: OHKO moves are banned
|rule|Evasion Items Clause: Evasion items are banned
|rule|Evasion Moves Clause: Evasion moves are banned
|rule|Evasion Abilities Clause: Evasion abilities are banned
|rule|Sleep Moves Clause: Sleep-inducing moves are banned
|clearpoke
|poke|p1|Kyurem|
|poke|p1|Ceruledge, F|
|poke|p1|Hatterene, F|
|poke|p1|Landorus-Therian, M|
|poke|p1|Kingambit, F|
|poke|p1|Zamazenta-*|
|poke|p2|Tyranitar, F|
|poke|p2|Excadrill, F|
|poke|p2|Hatterene, F|
|poke|p2|Iron Valiant|
|poke|p2|Amoonguss, M|
|poke|p2|Alomomola, F|
|teampreview
|
|t:|1781570496
|teamsize|p1|6
|teamsize|p2|6
|start
|switch|p1a: Kyurem|Kyurem|100/100
|switch|p2a: Tyranitar|Tyranitar, F|100/100
|-ability|p1a: Kyurem|Pressure
|-weather|Sandstorm|[from] ability: Sand Stream|[of] p2a: Tyranitar
|turn|1
|
|t:|1781570503
|move|p1a: Kyurem|Icicle Spear|p2a: Tyranitar
|-damage|p2a: Tyranitar|91/100
|-damage|p2a: Tyranitar|83/100
|-damage|p2a: Tyranitar|74/100
|-damage|p2a: Tyranitar|65/100
|-damage|p2a: Tyranitar|56/100
|-hitcount|p2a: Tyranitar|5
|move|p2a: Tyranitar|Knock Off|p1a: Kyurem
|-damage|p1a: Kyurem|63/100
|-enditem|p1a: Kyurem|Loaded Dice|[from] move: Knock Off|[of] p2a: Tyranitar
|
|-weather|Sandstorm|[upkeep]
|-damage|p1a: Kyurem|57/100|[from] Sandstorm
|upkeep
|turn|2
|
|t:|1781570520
|switch|p2a: Alomomola|Alomomola, F|100/100
|move|p1a: Kyurem|Earth Power|p2a: Alomomola
|-damage|p2a: Alomomola|75/100
|-enditem|p2a: Alomomola|Eject Button
|
|t:|1781570531
|switch|p2a: Iron Valiant|Iron Valiant|100/100
|
|-weather|Sandstorm|[upkeep]
|-damage|p2a: Iron Valiant|94/100|[from] Sandstorm
|-damage|p1a: Kyurem|50/100|[from] Sandstorm
|upkeep
|turn|3
|
|t:|1781570535
|switch|p1a: Ceruledge|Ceruledge, F|100/100
|move|p2a: Iron Valiant|Moonblast|p1a: Ceruledge
|-resisted|p1a: Ceruledge
|-damage|p1a: Ceruledge|67/100
|-unboost|p1a: Ceruledge|spa|1
|-damage|p2a: Iron Valiant|85/100|[from] item: Life Orb
|
|-weather|Sandstorm|[upkeep]
|-damage|p2a: Iron Valiant|78/100|[from] Sandstorm
|-damage|p1a: Ceruledge|61/100|[from] Sandstorm
|upkeep
|turn|4
|
|t:|1781570542
|-terastallize|p1a: Ceruledge|Fairy
|move|p2a: Iron Valiant|Knock Off|p1a: Ceruledge
|-resisted|p1a: Ceruledge
|-damage|p1a: Ceruledge|34/100
|-ability|p1a: Ceruledge|Weak Armor|boost
|-unboost|p1a: Ceruledge|def|1
|-boost|p1a: Ceruledge|spe|2
|-enditem|p1a: Ceruledge|Life Orb|[from] move: Knock Off|[of] p2a: Iron Valiant
|-damage|p2a: Iron Valiant|69/100|[from] item: Life Orb
|move|p1a: Ceruledge|Bitter Blade|p2a: Iron Valiant
|-damage|p2a: Iron Valiant|7/100
|-heal|p1a: Ceruledge|63/100|[from] drain|[of] p2a: Iron Valiant
|
|-weather|Sandstorm|[upkeep]
|-damage|p1a: Ceruledge|57/100|[from] Sandstorm
|-damage|p2a: Iron Valiant|1/100|[from] Sandstorm
|upkeep
|turn|5
|
|t:|1781570556
|-end|p2a: Iron Valiant|Quark Drive|[silent]
|switch|p2a: Alomomola|Alomomola, F|100/100
|move|p1a: Ceruledge|Bitter Blade|p2a: Alomomola
|-resisted|p2a: Alomomola
|-damage|p2a: Alomomola|85/100
|-heal|p1a: Ceruledge|69/100|[from] drain|[of] p2a: Alomomola
|
|-weather|Sandstorm|[upkeep]
|-damage|p1a: Ceruledge|63/100|[from] Sandstorm
|-damage|p2a: Alomomola|79/100|[from] Sandstorm
|upkeep
|turn|6
|
|t:|1781570559
|move|p1a: Ceruledge|Swords Dance|p1a: Ceruledge
|-boost|p1a: Ceruledge|atk|2
|move|p2a: Alomomola|Wish|p2a: Alomomola
|
|-weather|Sandstorm|[upkeep]
|-damage|p1a: Ceruledge|56/100|[from] Sandstorm
|-damage|p2a: Alomomola|73/100|[from] Sandstorm
|upkeep
|turn|7
|
|t:|1781570563
|move|p1a: Ceruledge|Bitter Blade|p2a: Alomomola
|-resisted|p2a: Alomomola
|-damage|p2a: Alomomola|44/100
|-heal|p1a: Ceruledge|78/100|[from] drain|[of] p2a: Alomomola
|move|p2a: Alomomola|Flip Turn|p1a: Ceruledge
|-damage|p1a: Ceruledge|45/100
|-ability|p1a: Ceruledge|Weak Armor|boost
|-unboost|p1a: Ceruledge|def|1
|-boost|p1a: Ceruledge|spe|2
|
|t:|1781570571
|switch|p2a: Iron Valiant|Iron Valiant|1/100|[from] Flip Turn
|
|-weather|Sandstorm|[upkeep]
|-damage|p1a: Ceruledge|39/100|[from] Sandstorm
|-damage|p2a: Iron Valiant|0 fnt|[from] Sandstorm
|faint|p2a: Iron Valiant
|-end|p2a: Iron Valiant|Quark Drive|[silent]
|upkeep
|
|t:|1781570600
|switch|p2a: Alomomola|Alomomola, F|77/100
|turn|8
|
|t:|1781570607
|move|p1a: Ceruledge|Bitter Blade|p2a: Alomomola
|-resisted|p2a: Alomomola
|-damage|p2a: Alomomola|47/100
|-heal|p1a: Ceruledge|63/100|[from] drain|[of] p2a: Alomomola
|move|p2a: Alomomola|Acrobatics|p1a: Ceruledge
|-damage|p1a: Ceruledge|13/100
|-ability|p1a: Ceruledge|Weak Armor|boost
|-unboost|p1a: Ceruledge|def|1
|-boost|p1a: Ceruledge|spe|2
|
|-weather|none
|upkeep
|turn|9
|
|t:|1781570612
|move|p1a: Ceruledge|Bitter Blade|p2a: Alomomola
|-resisted|p2a: Alomomola
|-damage|p2a: Alomomola|18/100
|-heal|p1a: Ceruledge|35/100|[from] drain|[of] p2a: Alomomola
|move|p2a: Alomomola|Flip Turn|p1a: Ceruledge
|-damage|p1a: Ceruledge|0 fnt
|faint|p1a: Ceruledge
|
|t:|1781570617
|switch|p2a: Tyranitar|Tyranitar, F|56/100|[from] Flip Turn
|-weather|Sandstorm|[from] ability: Sand Stream|[of] p2a: Tyranitar
|
|-weather|Sandstorm|[upkeep]
|upkeep
|
|t:|1781570621
|switch|p1a: Landorus|Landorus-Therian, M|100/100
|-ability|p1a: Landorus|Intimidate|boost
|-unboost|p2a: Tyranitar|atk|1
|turn|10
|
|t:|1781570632
|switch|p2a: Hatterene|Hatterene, F|100/100
|move|p1a: Landorus|Earth Power|p2a: Hatterene
|-damage|p2a: Hatterene|62/100
|
|-weather|Sandstorm|[upkeep]
|-damage|p2a: Hatterene|56/100|[from] Sandstorm
|-heal|p2a: Hatterene|62/100|[from] item: Leftovers
|upkeep
|turn|11
|
|t:|1781570638
|move|p1a: Landorus|Earth Power|p2a: Hatterene
|-damage|p2a: Hatterene|19/100
|-unboost|p2a: Hatterene|spd|1
|move|p2a: Hatterene|Pain Split|p1a: Landorus
|-sethp|p1a: Landorus|60/100|[from] move: Pain Split|[silent]
|-sethp|p2a: Hatterene|60/100|[from] move: Pain Split
|
|-weather|Sandstorm|[upkeep]
|-damage|p2a: Hatterene|54/100|[from] Sandstorm
|-heal|p2a: Hatterene|60/100|[from] item: Leftovers
|upkeep
|turn|12
|
|t:|1781570651
|move|p1a: Landorus|Earth Power|p2a: Hatterene
|-damage|p2a: Hatterene|0 fnt
|faint|p2a: Hatterene
|
|-weather|Sandstorm|[upkeep]
|upkeep
|
|t:|1781570654
|switch|p2a: Excadrill|Excadrill, F|100/100
|turn|13
|
|t:|1781570668
|move|p2a: Excadrill|Iron Head|p1a: Landorus
|-damage|p1a: Landorus|0 fnt
|-damage|p2a: Excadrill|84/100|[from] item: Rocky Helmet|[of] p1a: Landorus
|faint|p1a: Landorus
|
|-weather|Sandstorm|[upkeep]
|upkeep
|
|t:|1781570673
|switch|p1a: Zamazenta|Zamazenta|100/100
|-ability|p1a: Zamazenta|Dauntless Shield|boost
|-boost|p1a: Zamazenta|def|1
|turn|14
|
|t:|1781570680
|switch|p2a: Amoonguss|Amoonguss, M|100/100
|move|p1a: Zamazenta|Body Press|p2a: Amoonguss
|-resisted|p2a: Amoonguss
|-damage|p2a: Amoonguss|82/100
|-enditem|p2a: Amoonguss|Eject Button
|
|t:|1781570687
|switch|p2a: Excadrill|Excadrill, F|84/100
|
|-weather|Sandstorm|[upkeep]
|-damage|p1a: Zamazenta|95/100|[from] Sandstorm
|-heal|p1a: Zamazenta|100/100|[from] item: Leftovers
|upkeep
|turn|15
|
|t:|1781570694
|switch|p2a: Amoonguss|Amoonguss, M|100/100
|move|p1a: Zamazenta|Body Press|p2a: Amoonguss
|-resisted|p2a: Amoonguss
|-damage|p2a: Amoonguss|83/100
|
|-weather|Sandstorm|[upkeep]
|-damage|p1a: Zamazenta|95/100|[from] Sandstorm
|-damage|p2a: Amoonguss|77/100|[from] Sandstorm
|-heal|p1a: Zamazenta|100/100|[from] item: Leftovers
|upkeep
|turn|16
|
|t:|1781570703
|switch|p1a: Kyurem|Kyurem|50/100
|-ability|p1a: Kyurem|Pressure
|move|p2a: Amoonguss|Stun Spore|p1a: Kyurem
|-status|p1a: Kyurem|par
|
|-weather|none
|upkeep
|turn|17
|
|t:|1781570717
|cant|p1a: Kyurem|par
|move|p2a: Amoonguss|Foul Play|p1a: Kyurem
|-damage|p1a: Kyurem|22/100 par
|
|upkeep
|turn|18
|
|t:|1781570727
|switch|p2a: Alomomola|Alomomola, F|52/100
|move|p1a: Kyurem|Icicle Spear|p2a: Alomomola
|-resisted|p2a: Alomomola
|-damage|p2a: Alomomola|48/100
|-resisted|p2a: Alomomola
|-damage|p2a: Alomomola|45/100
|-resisted|p2a: Alomomola
|-damage|p2a: Alomomola|41/100
|-hitcount|p2a: Alomomola|3
|
|upkeep
|turn|19
|
|t:|1781570733
|switch|p2a: Tyranitar|Tyranitar, F|56/100
|-weather|Sandstorm|[from] ability: Sand Stream|[of] p2a: Tyranitar
|move|p1a: Kyurem|Freeze-Dry|p2a: Tyranitar
|-damage|p2a: Tyranitar|41/100
|
|-weather|Sandstorm|[upkeep]
|-damage|p1a: Kyurem|16/100 par|[from] Sandstorm
|upkeep
|turn|20
|
|t:|1781570745
|move|p1a: Kyurem|Earth Power|p2a: Tyranitar
|-supereffective|p2a: Tyranitar
|-damage|p2a: Tyranitar|15/100
|move|p2a: Tyranitar|Knock Off|p1a: Kyurem
|-damage|p1a: Kyurem|0 fnt
|faint|p1a: Kyurem
|
|-weather|Sandstorm|[upkeep]
|upkeep
|
|t:|1781570760
|switch|p1a: Zamazenta|Zamazenta|100/100
|turn|21
|
|t:|1781570767
|move|p1a: Zamazenta|Body Press|p2a: Tyranitar
|-supereffective|p2a: Tyranitar
|-damage|p2a: Tyranitar|0 fnt
|faint|p2a: Tyranitar
|
|-weather|Sandstorm|[upkeep]
|-damage|p1a: Zamazenta|95/100|[from] Sandstorm
|-heal|p1a: Zamazenta|100/100|[from] item: Leftovers
|upkeep
|
|t:|1781570777
|switch|p2a: Alomomola|Alomomola, F|74/100
|turn|22
|
|t:|1781570785
|switch|p1a: Hatterene|Hatterene, F|100/100
|move|p2a: Alomomola|Wish|p2a: Alomomola
|
|-weather|Sandstorm|[upkeep]
|-damage|p2a: Alomomola|68/100|[from] Sandstorm
|-damage|p1a: Hatterene|95/100|[from] Sandstorm
|upkeep
|turn|23
|
|t:|1781570790
|switch|p2a: Excadrill|Excadrill, F|84/100
|move|p1a: Hatterene|Psychic Noise|p2a: Excadrill
|-resisted|p2a: Excadrill
|-damage|p2a: Excadrill|61/100
|-start|p2a: Excadrill|move: Heal Block
|
|-weather|Sandstorm|[upkeep]
|-damage|p1a: Hatterene|89/100|[from] Sandstorm
|upkeep
|turn|24
|
|t:|1781570796
|switch|p1a: Zamazenta|Zamazenta|100/100
|move|p2a: Excadrill|Earthquake|p1a: Zamazenta
|-damage|p1a: Zamazenta|37/100
|
|-weather|Sandstorm|[upkeep]
|-damage|p1a: Zamazenta|31/100|[from] Sandstorm
|-heal|p1a: Zamazenta|37/100|[from] item: Leftovers
|-end|p2a: Excadrill|move: Heal Block
|upkeep
|turn|25
|
|t:|1781570798
|move|p2a: Excadrill|Earthquake|p1a: Zamazenta
|-damage|p1a: Zamazenta|0 fnt
|faint|p1a: Zamazenta
|
|-weather|Sandstorm|[upkeep]
|upkeep
|
|t:|1781570800
|switch|p1a: Hatterene|Hatterene, F|89/100
|turn|26
|
|t:|1781570807
|switch|p2a: Alomomola|Alomomola, F|100/100
|move|p1a: Hatterene|Psychic Noise|p2a: Alomomola
|-damage|p2a: Alomomola|71/100
|-start|p2a: Alomomola|move: Heal Block
|
|-weather|none
|upkeep
|turn|27
|
|t:|1781570833
|move|p1a: Hatterene|Nuzzle|p2a: Alomomola
|-supereffective|p2a: Alomomola
|-damage|p2a: Alomomola|66/100
|-status|p2a: Alomomola|par
|move|p2a: Alomomola|Mirror Coat||[still]
|-fail|p2a: Alomomola
|
|-end|p2a: Alomomola|move: Heal Block
|upkeep
|turn|28
|
|t:|1781570841
|move|p1a: Hatterene|Pain Split|p2a: Alomomola
|-sethp|p2a: Alomomola|63/100 par|[from] move: Pain Split|[silent]
|-sethp|p1a: Hatterene|93/100|[from] move: Pain Split
|move|p2a: Alomomola|Flip Turn|p1a: Hatterene
|-damage|p1a: Hatterene|79/100
|-damage|p2a: Alomomola|46/100 par|[from] item: Rocky Helmet|[of] p1a: Hatterene
|
|t:|1781570852
|switch|p2a: Excadrill|Excadrill, F|61/100|[from] Flip Turn
|
|upkeep
|turn|29
|
|t:|1781570895
|move|p2a: Excadrill|Earthquake|p1a: Hatterene
|-damage|p1a: Hatterene|6/100
|move|p1a: Hatterene|Psychic Noise|p2a: Excadrill
|-resisted|p2a: Excadrill
|-damage|p2a: Excadrill|40/100
|-start|p2a: Excadrill|move: Heal Block
|
|upkeep
|turn|30
|
|t:|1781570901
|move|p2a: Excadrill|Earthquake|p1a: Hatterene
|-damage|p1a: Hatterene|0 fnt
|faint|p1a: Hatterene
|
|-end|p2a: Excadrill|move: Heal Block
|upkeep
|
|t:|1781570921
|switch|p1a: Kingambit|Kingambit, F|100/100
|-activate|p1a: Kingambit|ability: Supreme Overlord
|-start|p1a: Kingambit|fallen5|[silent]
|turn|31
|
|t:|1781570924
|switch|p2a: Amoonguss|Amoonguss, M|100/100
|move|p1a: Kingambit|Sucker Punch||[still]
|-fail|p1a: Kingambit
|
|upkeep
|turn|32
|
|t:|1781570935
|move|p1a: Kingambit|Iron Head|p2a: Amoonguss
|-damage|p2a: Amoonguss|53/100
|move|p2a: Amoonguss|Stun Spore|p1a: Kingambit
|-status|p1a: Kingambit|par
|-enditem|p1a: Kingambit|Lum Berry|[eat]
|-curestatus|p1a: Kingambit|par|[msg]
|
|upkeep
|turn|33
|
|t:|1781570946
|switch|p2a: Alomomola|Alomomola, F|80/100 par
|move|p1a: Kingambit|Kowtow Cleave|p2a: Alomomola
|-damage|p2a: Alomomola|38/100 par
|
|upkeep
|turn|34
|
|t:|1781570952
|move|p1a: Kingambit|Kowtow Cleave|p2a: Alomomola
|-damage|p2a: Alomomola|0 fnt
|faint|p2a: Alomomola
|
|upkeep
|
|t:|1781570955
|switch|p2a: Amoonguss|Amoonguss, M|86/100
|turn|35
|
|t:|1781570960
|move|p1a: Kingambit|Kowtow Cleave|p2a: Amoonguss
|-damage|p2a: Amoonguss|33/100
|move|p2a: Amoonguss|Stun Spore|p1a: Kingambit|[miss]
|-miss|p2a: Amoonguss|p1a: Kingambit
|
|upkeep
|turn|36
|
|t:|1781570966
|-terastallize|p2a: Amoonguss|Dark
|move|p1a: Kingambit|Kowtow Cleave|p2a: Amoonguss
|-resisted|p2a: Amoonguss
|-damage|p2a: Amoonguss|6/100
|move|p2a: Amoonguss|Stun Spore|p1a: Kingambit
|-status|p1a: Kingambit|par
|
|upkeep
|turn|37
|
|t:|1781570976
|move|p2a: Amoonguss|Stomping Tantrum|p1a: Kingambit
|-supereffective|p1a: Kingambit
|-damage|p1a: Kingambit|77/100 par
|cant|p1a: Kingambit|par
|
|upkeep
|turn|38
|
|t:|1781570983
|move|p2a: Amoonguss|Stomping Tantrum|p1a: Kingambit
|-supereffective|p1a: Kingambit
|-damage|p1a: Kingambit|52/100 par
|cant|p1a: Kingambit|par
|
|upkeep
|turn|39
|
|t:|1781570986
|move|p1a: Kingambit|Sucker Punch|p2a: Amoonguss
|-resisted|p2a: Amoonguss
|-crit|p2a: Amoonguss
|-damage|p2a: Amoonguss|0 fnt
|faint|p2a: Amoonguss
|
|upkeep
|
|t:|1781570988
|switch|p2a: Excadrill|Excadrill, F|40/100
|turn|40
|
|t:|1781570991
|cant|p1a: Kingambit|par
|move|p2a: Excadrill|Earthquake|p1a: Kingambit
|-supereffective|p1a: Kingambit
|-damage|p1a: Kingambit|0 fnt
|faint|p1a: Kingambit
|-end|p1a: Kingambit|fallen5|[silent]
|
|win|phreshoatmeal
|raw|Steez Ibanez's rating: 1676 &rarr; <strong>1665</strong><br />(-11 for losing)
|raw|phreshoatmeal's rating: 1837 &rarr; <strong>1848</strong><br />(+11 for winning)
|l|☆phreshoatmeal
|player|p2|
|l|☆Steez Ibanez
|player|p1|
