|j|☆Davetron3030
|j|☆suprya
|t:|1781497836
|gametype|singles
|player|p1|Davetron3030|dancer|1707
|player|p2|suprya|clown|1708
|gen|9
|tier|[Gen 9] OU
|rated|
|rule|HP Percentage Mod: HP is shown in percentages
|rule|Endless Battle Clause: Forcing endless battles is banned
|rule|Species Clause: Limit one of each Pokémon
|rule|OHKO Clause: OHKO moves are banned
|rule|Evasion Items Clause: Evasion items are banned
|rule|Evasion Moves Clause: Evasion moves are banned
|rule|Evasion Abilities Clause: Evasion abilities are banned
|rule|Sleep Moves Clause: Sleep-inducing moves are banned
|clearpoke
|poke|p1|Garchomp, F|
|poke|p1|Gholdengo|
|poke|p1|Iron Crown|
|poke|p1|Iron Valiant|
|poke|p1|Samurott-Hisui, M|
|poke|p1|Zapdos-Galar|
|poke|p2|Pelipper, M|
|poke|p2|Hydrapple, M|
|poke|p2|Iron Treads|
|poke|p2|Gholdengo|
|poke|p2|Slowking-Galar, M|
|poke|p2|Greninja-*, M|
|teampreview
|inactive|Battle timer is ON: inactive players will automatically lose when time's up. (requested by suprya)
|
|t:|1781497854
|teamsize|p1|6
|teamsize|p2|6
|start
|switch|p1a: Samurott|Samurott-Hisui, M|100/100
|switch|p2a: Gholdengo|Gholdengo|100/100
|turn|1
|l|☆Davetron3030
|inactive|Davetron3030 disconnected and has a minute to reconnect!
|player|p1|
|j|☆Davetron3030
|inactive|Davetron3030 reconnected and has 135 seconds left.
|player|p1|Davetron3030|dancer|
|
|t:|1781497872
|switch|p2a: Hydrapple|Hydrapple, M|100/100
|move|p1a: Samurott|Ceaseless Edge|p2a: Hydrapple
|-damage|p2a: Hydrapple|77/100
|-sidestart|p2: suprya|Spikes
|
|upkeep
|turn|2
|
|t:|1781497884
|move|p1a: Samurott|Ceaseless Edge|p2a: Hydrapple
|-damage|p2a: Hydrapple|52/100
|-sidestart|p2: suprya|Spikes
|move|p2a: Hydrapple|Giga Drain|p1a: Samurott
|-supereffective|p1a: Samurott
|-damage|p1a: Samurott|1/100
|-heal|p2a: Hydrapple|91/100|[from] drain|[of] p1a: Samurott
|
|upkeep
|turn|3
|
|t:|1781497893
|move|p1a: Samurott|Ceaseless Edge|p2a: Hydrapple
|-damage|p2a: Hydrapple|66/100
|-sidestart|p2: suprya|Spikes
|move|p2a: Hydrapple|Giga Drain|p1a: Samurott
|-supereffective|p1a: Samurott
|-damage|p1a: Samurott|0 fnt
|-heal|p2a: Hydrapple|67/100|[from] drain|[of] p1a: Samurott
|faint|p1a: Samurott
|
|upkeep
|
|t:|1781497902
|switch|p1a: Zapdos|Zapdos-Galar|100/100
|turn|4
|
|t:|1781497917
|switch|p2a: Gholdengo|Gholdengo|100/100
|-damage|p2a: Gholdengo|76/100|[from] Spikes
|move|p1a: Zapdos|U-turn|p2a: Gholdengo
|-resisted|p2a: Gholdengo
|-damage|p2a: Gholdengo|70/100
|
|t:|1781497924
|switch|p1a: Garchomp|Garchomp, F|100/100|[from] U-turn
|
|upkeep
|turn|5
|
|t:|1781497928
|switch|p2a: Pelipper|Pelipper, M|100/100
|-weather|RainDance|[from] ability: Drizzle|[of] p2a: Pelipper
|move|p1a: Garchomp|Stealth Rock|p2a: Pelipper
|-sidestart|p2: suprya|move: Stealth Rock
|
|-weather|RainDance|[upkeep]
|upkeep
|turn|6
|
|t:|1781497936
|move|p1a: Garchomp|Stone Edge|p2a: Pelipper
|-supereffective|p2a: Pelipper
|-damage|p2a: Pelipper|57/100
|move|p2a: Pelipper|Surf|p1a: Garchomp
|-damage|p1a: Garchomp|58/100
|
|-weather|RainDance|[upkeep]
|upkeep
|turn|7
|
|t:|1781497945
|move|p2a: Pelipper|Roost|p2a: Pelipper
|-heal|p2a: Pelipper|100/100
|-singleturn|p2a: Pelipper|move: Roost
|move|p1a: Garchomp|Dragon Tail|p2a: Pelipper
|-damage|p2a: Pelipper|79/100
|drag|p2a: Hydrapple|Hydrapple, M|99/100
|
|-weather|RainDance|[upkeep]
|upkeep
|turn|8
|
|t:|1781497957
|switch|p1a: Gholdengo|Gholdengo|100/100
|move|p2a: Hydrapple|Fickle Beam|p1a: Gholdengo
|-resisted|p1a: Gholdengo
|-damage|p1a: Gholdengo|85/100
|
|-weather|RainDance|[upkeep]
|-heal|p1a: Gholdengo|91/100|[from] item: Leftovers
|upkeep
|turn|9
|j| dilf huntr
|j| Shucklepilled
|
|t:|1781497967
|move|p1a: Gholdengo|Thunder Wave|p2a: Hydrapple
|-status|p2a: Hydrapple|par
|cant|p2a: Hydrapple|par
|
|-weather|none
|-heal|p1a: Gholdengo|97/100|[from] item: Leftovers
|upkeep
|turn|10
|
|t:|1781497976
|switch|p2a: Iron Treads|Iron Treads|100/100
|-damage|p2a: Iron Treads|76/100|[from] Spikes
|-damage|p2a: Iron Treads|73/100|[from] Stealth Rock
|move|p1a: Gholdengo|Hex|p2a: Iron Treads
|-damage|p2a: Iron Treads|49/100
|
|-heal|p2a: Iron Treads|55/100|[from] item: Leftovers
|-heal|p1a: Gholdengo|100/100|[from] item: Leftovers
|upkeep
|turn|11
|
|t:|1781497986
|move|p2a: Iron Treads|Earthquake|p1a: Gholdengo
|-supereffective|p1a: Gholdengo
|-damage|p1a: Gholdengo|45/100
|move|p1a: Gholdengo|Hex|p2a: Iron Treads
|-damage|p2a: Iron Treads|33/100
|
|-heal|p2a: Iron Treads|39/100|[from] item: Leftovers
|-heal|p1a: Gholdengo|51/100|[from] item: Leftovers
|upkeep
|turn|12
|
|t:|1781497995
|move|p2a: Iron Treads|Stealth Rock|p1a: Gholdengo
|-sidestart|p1: Davetron3030|move: Stealth Rock
|move|p1a: Gholdengo|Hex|p2a: Iron Treads
|-damage|p2a: Iron Treads|17/100
|
|-heal|p2a: Iron Treads|23/100|[from] item: Leftovers
|-heal|p1a: Gholdengo|57/100|[from] item: Leftovers
|upkeep
|turn|13
|
|t:|1781498003
|move|p2a: Iron Treads|Earthquake|p1a: Gholdengo
|-supereffective|p1a: Gholdengo
|-damage|p1a: Gholdengo|1/100
|move|p1a: Gholdengo|Hex|p2a: Iron Treads
|-damage|p2a: Iron Treads|0 fnt
|faint|p2a: Iron Treads
|-end|p2a: Iron Treads|Quark Drive|[silent]
|
|-heal|p1a: Gholdengo|7/100|[from] item: Leftovers
|upkeep
|
|t:|1781498014
|switch|p2a: Greninja|Greninja, M|100/100
|-damage|p2a: Greninja|76/100|[from] Spikes
|-damage|p2a: Greninja|63/100|[from] Stealth Rock
|turn|14
|
|t:|1781498021
|move|p2a: Greninja|Hydro Pump|p1a: Gholdengo
|-damage|p1a: Gholdengo|0 fnt
|faint|p1a: Gholdengo
|-ability|p2a: Greninja|Battle Bond|boost
|-boost|p2a: Greninja|atk|1
|-boost|p2a: Greninja|spa|1
|-boost|p2a: Greninja|spe|1
|-activate|p2a: Greninja|ability: Battle Bond
|
|upkeep
|
|t:|1781498030
|switch|p1a: Iron Valiant|Iron Valiant|100/100
|-damage|p1a: Iron Valiant|94/100|[from] Stealth Rock
|turn|15
|
|t:|1781498043
|switch|p2a: Slowking|Slowking-Galar, M|100/100
|-damage|p2a: Slowking|76/100|[from] Spikes
|-damage|p2a: Slowking|63/100|[from] Stealth Rock
|move|p1a: Iron Valiant|Vacuum Wave|p2a: Slowking
|-resisted|p2a: Slowking
|-damage|p2a: Slowking|60/100
|
|upkeep
|turn|16
|
|t:|1781498051
|-end|p1a: Iron Valiant|Quark Drive|[silent]
|switch|p1a: Garchomp|Garchomp, F|58/100
|-damage|p1a: Garchomp|51/100|[from] Stealth Rock
|move|p2a: Slowking|Ice Beam|p1a: Garchomp
|-supereffective|p1a: Garchomp
|-damage|p1a: Garchomp|0 fnt
|faint|p1a: Garchomp
|
|upkeep
|
|t:|1781498060
|switch|p1a: Zapdos|Zapdos-Galar|100/100
|-damage|p1a: Zapdos|88/100|[from] Stealth Rock
|turn|17
|
|t:|1781498067
|switch|p2a: Hydrapple|Hydrapple, M|100/100 par
|move|p1a: Zapdos|Brave Bird|p2a: Hydrapple
|-supereffective|p2a: Hydrapple
|-damage|p2a: Hydrapple|36/100 par
|-damage|p1a: Zapdos|61/100|[from] Recoil
|
|upkeep
|turn|18
|
|t:|1781498075
|switch|p2a: Gholdengo|Gholdengo|70/100
|-damage|p2a: Gholdengo|45/100|[from] Spikes
|-damage|p2a: Gholdengo|39/100|[from] Stealth Rock
|move|p1a: Zapdos|Brave Bird|p2a: Gholdengo
|-resisted|p2a: Gholdengo
|-damage|p2a: Gholdengo|5/100
|-damage|p1a: Zapdos|50/100|[from] Recoil
|
|upkeep
|turn|19
|
|t:|1781498085
|move|p1a: Zapdos|Brave Bird|p2a: Gholdengo
|-resisted|p2a: Gholdengo
|-damage|p2a: Gholdengo|0 fnt
|faint|p2a: Gholdengo
|-damage|p1a: Zapdos|48/100|[from] Recoil
|
|upkeep
|
|t:|1781498088
|switch|p2a: Pelipper|Pelipper, M|79/100
|-weather|RainDance|[from] ability: Drizzle|[of] p2a: Pelipper
|turn|20
|
|t:|1781498095
|-terastallize|p1a: Zapdos|Flying
|move|p1a: Zapdos|Brave Bird|p2a: Pelipper
|-crit|p2a: Pelipper
|-damage|p2a: Pelipper|0 fnt
|faint|p2a: Pelipper
|-damage|p1a: Zapdos|22/100|[from] Recoil
|
|-weather|RainDance|[upkeep]
|upkeep
|
|t:|1781498100
|switch|p2a: Greninja|Greninja, M|63/100
|-damage|p2a: Greninja|38/100|[from] Spikes
|-damage|p2a: Greninja|26/100|[from] Stealth Rock
|turn|21
|
|t:|1781498108
|move|p2a: Greninja|Water Shuriken|p1a: Zapdos
|-damage|p1a: Zapdos|3/100
|-damage|p1a: Zapdos|0 fnt
|faint|p1a: Zapdos
|-hitcount|p1: Zapdos|2
|
|-weather|RainDance|[upkeep]
|upkeep
|
|t:|1781498116
|switch|p1a: Iron Crown|Iron Crown|100/100
|-damage|p1a: Iron Crown|94/100|[from] Stealth Rock
|turn|22
|
|t:|1781498123
|-terastallize|p2a: Greninja|Water
|move|p2a: Greninja|Water Shuriken|p1a: Iron Crown
|-damage|p1a: Iron Crown|79/100
|-damage|p1a: Iron Crown|65/100
|-damage|p1a: Iron Crown|51/100
|-crit|p1a: Iron Crown
|-damage|p1a: Iron Crown|29/100
|-damage|p1a: Iron Crown|14/100
|-hitcount|p1a: Iron Crown|5
|move|p1a: Iron Crown|Tachyon Cutter|p2a: Greninja
|-resisted|p2a: Greninja
|-damage|p2a: Greninja|6/100
|-resisted|p2a: Greninja
|-damage|p2a: Greninja|0 fnt
|faint|p2a: Greninja
|-hitcount|p2: Greninja|2
|
|-weather|RainDance|[upkeep]
|upkeep
|
|t:|1781498135
|switch|p2a: Slowking|Slowking-Galar, M|93/100
|-damage|p2a: Slowking|68/100|[from] Spikes
|-damage|p2a: Slowking|56/100|[from] Stealth Rock
|turn|23
|
|t:|1781498148
|move|p1a: Iron Crown|Tachyon Cutter|p2a: Slowking
|-damage|p2a: Slowking|44/100
|-damage|p2a: Slowking|32/100
|-hitcount|p2a: Slowking|2
|move|p2a: Slowking|Surf|p1a: Iron Crown
|-damage|p1a: Iron Crown|0 fnt
|faint|p1a: Iron Crown
|-end|p1a: Iron Crown|Quark Drive|[silent]
|
|-weather|RainDance|[upkeep]
|upkeep
|
|t:|1781498158
|switch|p1a: Iron Valiant|Iron Valiant|94/100
|-damage|p1a: Iron Valiant|88/100|[from] Stealth Rock
|turn|24
|
|t:|1781498165
|move|p1a: Iron Valiant|Shadow Ball|p2a: Slowking
|-supereffective|p2a: Slowking
|-damage|p2a: Slowking|0 fnt
|faint|p2a: Slowking
|
|-weather|none
|upkeep
|
|t:|1781498167
|switch|p2a: Hydrapple|Hydrapple, M|70/100 par
|turn|25
|
|t:|1781498174
|move|p1a: Iron Valiant|Shadow Ball|p2a: Hydrapple
|-damage|p2a: Hydrapple|27/100 par
|move|p2a: Hydrapple|Giga Drain|p1a: Iron Valiant
|-damage|p1a: Iron Valiant|34/100
|-heal|p2a: Hydrapple|46/100 par|[from] drain|[of] p1a: Iron Valiant
|
|upkeep
|turn|26
|
|t:|1781498181
|move|p1a: Iron Valiant|Shadow Ball|p2a: Hydrapple
|-damage|p2a: Hydrapple|7/100 par
|-unboost|p2a: Hydrapple|spd|1
|move|p2a: Hydrapple|Giga Drain|p1a: Iron Valiant
|-damage|p1a: Iron Valiant|0 fnt
|-heal|p2a: Hydrapple|19/100 par|[from] drain|[of] p1a: Iron Valiant
|faint|p1a: Iron Valiant
|-end|p1a: Iron Valiant|Quark Drive|[silent]
|
|win|suprya
|raw|Davetron3030's rating: 1707 &rarr; <strong>1687</strong><br />(-20 for losing)
|raw|suprya's rating: 1708 &rarr; <strong>1728</strong><br />(+20 for winning)
|l|☆Davetron3030
|player|p1|
|l| dilf huntr
|l| Shucklepilled
