|badge|p2|bronze|gen9ou|100-9
|uhtml|medal-msg|<div class="broadcast-blue">Curious what those medals under the avatar are? PS now has Ladder Seasons! For more information, check out the <a href="https://www.smogon.com/forums/threads/3740067/">thread on Smogon.</a></div>
|j|☆palmin
|j|☆DiceyRice
|t:|1780942196
|gametype|singles
|player|p1|palmin|169|1597
|player|p2|DiceyRice|miku-ghost|1832
|gen|9
|tier|[Gen 9] OU
|rated|
|rule|HP Percentage Mod: HP is shown in percentages
|rule|Endless Battle Clause: Forcing endless battles is banned
|rule|Species Clause: Limit one of each Pokémon
|rule|OHKO Clause: OHKO moves are banned
|rule|Evasion Items Clause: Evasion items are banned
|rule|Evasion Moves Clause: Evasion moves are banned
|rule|Evasion Abilities Clause: Evasion abilities are banned
|rule|Sleep Moves Clause: Sleep-inducing moves are banned
|clearpoke
|poke|p1|Iron Crown|
|poke|p1|Enamorus, F|
|poke|p1|Zapdos|
|poke|p1|Kingambit, F|
|poke|p1|Great Tusk|
|poke|p1|Glimmora, F|
|poke|p2|Latias, F|
|poke|p2|Mimikyu, M|
|poke|p2|Glimmora, M|
|poke|p2|Kingambit, F|
|poke|p2|Iron Boulder|
|poke|p2|Iron Moth|
|teampreview
|inactive|Battle timer is ON: inactive players will automatically lose when time's up. (requested by palmin)
|
|t:|1780942204
|teamsize|p1|6
|teamsize|p2|6
|start
|switch|p1a: Iron Crown|Iron Crown|100/100
|switch|p2a: Senbonzakura|Glimmora, M|100/100
|turn|1
|
|t:|1780942211
|switch|p2a: Portal|Iron Moth|100/100
|-enditem|p2a: Portal|Booster Energy
|-activate|p2a: Portal|ability: Quark Drive|[fromitem]
|-start|p2a: Portal|quarkdrivespe
|move|p1a: Iron Crown|Tachyon Cutter|p2a: Portal
|-resisted|p2a: Portal
|-damage|p2a: Portal|81/100
|-resisted|p2a: Portal
|-damage|p2a: Portal|62/100
|-hitcount|p2a: Portal|2
|
|upkeep
|turn|2
|
|t:|1780942218
|-end|p1a: Iron Crown|Quark Drive|[silent]
|switch|p1a: Glimmora|Glimmora, F|100/100
|move|p2a: Portal|Fiery Dance|p1a: Glimmora
|-resisted|p1a: Glimmora
|-damage|p1a: Glimmora|71/100
|-boost|p2a: Portal|spa|1
|
|upkeep
|turn|3
|
|t:|1780942224
|move|p2a: Portal|Fiery Dance|p1a: Glimmora
|-resisted|p1a: Glimmora
|-damage|p1a: Glimmora|30/100
|-boost|p2a: Portal|spa|1
|move|p1a: Glimmora|Power Gem|p2a: Portal
|-supereffective|p2a: Portal
|-damage|p2a: Portal|0 fnt
|faint|p2a: Portal
|-end|p2a: Portal|Quark Drive|[silent]
|
|upkeep
|
|t:|1780942228
|switch|p2a: Senbonzakura|Glimmora, M|100/100
|turn|4
|
|t:|1780942231
|move|p1a: Glimmora|Earth Power|p2a: Senbonzakura
|-supereffective|p2a: Senbonzakura
|-enditem|p2a: Senbonzakura|Focus Sash
|-damage|p2a: Senbonzakura|1/100
|move|p2a: Senbonzakura|Earth Power|p1a: Glimmora
|-supereffective|p1a: Glimmora
|-damage|p1a: Glimmora|0 fnt
|faint|p1a: Glimmora
|
|upkeep
|
|t:|1780942233
|switch|p1a: Iron Crown|Iron Crown|100/100
|turn|5
|
|t:|1780942243
|move|p1a: Iron Crown|Tachyon Cutter|p2a: Senbonzakura
|-supereffective|p2a: Senbonzakura
|-damage|p2a: Senbonzakura|0 fnt
|faint|p2a: Senbonzakura
|-hitcount|p2: Senbonzakura|1
|
|upkeep
|
|t:|1780942245
|switch|p2a: Kanaria|Kingambit, F|100/100
|-activate|p2a: Kanaria|ability: Supreme Overlord
|-start|p2a: Kanaria|fallen2|[silent]
|turn|6
|
|t:|1780942250
|-end|p1a: Iron Crown|Quark Drive|[silent]
|switch|p1a: Great Tusk|Great Tusk|100/100
|-enditem|p1a: Great Tusk|Booster Energy
|-activate|p1a: Great Tusk|ability: Protosynthesis|[fromitem]
|-start|p1a: Great Tusk|protosynthesisspe
|-end|p2a: Kanaria|fallen2|[silent]
|switch|p2a: Mimikyute|Mimikyu, M|100/100
|
|upkeep
|turn|7
|
|t:|1780942255
|-end|p1a: Great Tusk|Protosynthesis|[silent]
|switch|p1a: Iron Crown|Iron Crown|100/100
|move|p2a: Mimikyute|Swords Dance|p2a: Mimikyute
|-boost|p2a: Mimikyute|atk|2
|
|upkeep
|turn|8
|
|t:|1780942260
|-terastallize|p1a: Iron Crown|Steel
|move|p2a: Mimikyute|Shadow Sneak|p1a: Iron Crown
|-damage|p1a: Iron Crown|58/100
|-damage|p2a: Mimikyute|91/100|[from] item: Life Orb
|move|p1a: Iron Crown|Tachyon Cutter|p2a: Mimikyute
|-activate|p2a: Mimikyute|ability: Disguise
|-damage|p2a: Mimikyute|91/100
|detailschange|p2a: Mimikyute|Mimikyu-Busted, M
|-damage|p2a: Mimikyute|78/100|[from] pokemon: Mimikyu-Busted
|-supereffective|p2a: Mimikyute
|-damage|p2a: Mimikyute|0 fnt
|faint|p2a: Mimikyute
|-hitcount|p2: Mimikyute|2
|
|upkeep
|
|t:|1780942267
|switch|p2a: Smithy|Iron Boulder|100/100
|-enditem|p2a: Smithy|Booster Energy
|-activate|p2a: Smithy|ability: Quark Drive|[fromitem]
|-start|p2a: Smithy|quarkdrivespe
|turn|9
|
|t:|1780942277
|move|p2a: Smithy|Close Combat|p1a: Iron Crown
|-supereffective|p1a: Iron Crown
|-damage|p1a: Iron Crown|0 fnt
|-unboost|p2a: Smithy|def|1
|-unboost|p2a: Smithy|spd|1
|faint|p1a: Iron Crown
|-end|p1a: Iron Crown|Quark Drive|[silent]
|
|upkeep
|
|t:|1780942280
|switch|p1a: Great Tusk|Great Tusk|100/100
|turn|10
|
|t:|1780942283
|move|p2a: Smithy|Zen Headbutt|p1a: Great Tusk
|-supereffective|p1a: Great Tusk
|-damage|p1a: Great Tusk|48/100
|move|p1a: Great Tusk|Bulk Up|p1a: Great Tusk
|-boost|p1a: Great Tusk|atk|1
|-boost|p1a: Great Tusk|def|1
|
|upkeep
|turn|11
|
|t:|1780942287
|move|p2a: Smithy|Zen Headbutt|p1a: Great Tusk
|-supereffective|p1a: Great Tusk
|-damage|p1a: Great Tusk|13/100
|move|p1a: Great Tusk|Rapid Spin|p2a: Smithy
|-resisted|p2a: Smithy
|-damage|p2a: Smithy|79/100
|-boost|p1a: Great Tusk|spe|1
|
|upkeep
|turn|12
|
|t:|1780942291
|move|p2a: Smithy|Zen Headbutt|p1a: Great Tusk
|-supereffective|p1a: Great Tusk
|-crit|p1a: Great Tusk
|-damage|p1a: Great Tusk|0 fnt
|faint|p1a: Great Tusk
|-end|p1a: Great Tusk|Protosynthesis|[silent]
|
|upkeep
|
|t:|1780942294
|switch|p1a: Zapdos|Zapdos|100/100
|turn|13
|
|t:|1780942297
|move|p2a: Smithy|Mighty Cleave|p1a: Zapdos
|-supereffective|p1a: Zapdos
|-damage|p1a: Zapdos|0 fnt
|-status|p2a: Smithy|par|[from] ability: Static|[of] p1a: Zapdos
|faint|p1a: Zapdos
|
|upkeep
|
|t:|1780942304
|switch|p1a: Enamorus|Enamorus, F|100/100
|turn|14
|
|t:|1780942310
|move|p1a: Enamorus|Moonblast|p2a: Smithy
|-damage|p2a: Smithy|0 fnt
|faint|p2a: Smithy
|-end|p2a: Smithy|Quark Drive|[silent]
|
|upkeep
|
|t:|1780942313
|switch|p2a: Kanaria|Kingambit, F|100/100
|-activate|p2a: Kanaria|ability: Supreme Overlord
|-start|p2a: Kanaria|fallen4|[silent]
|turn|15
|
|t:|1780942318
|move|p1a: Enamorus|Moonblast|p2a: Kanaria
|-damage|p2a: Kanaria|38/100
|move|p2a: Kanaria|Iron Head|p1a: Enamorus
|-supereffective|p1a: Enamorus
|-damage|p1a: Enamorus|0 fnt
|faint|p1a: Enamorus
|
|-heal|p2a: Kanaria|44/100|[from] item: Leftovers
|upkeep
|
|t:|1780942320
|switch|p1a: Kingambit|Kingambit, F|100/100
|-activate|p1a: Kingambit|ability: Supreme Overlord
|-start|p1a: Kingambit|fallen5|[silent]
|-item|p1a: Kingambit|Air Balloon
|turn|16
|
|t:|1780942324
|move|p1a: Kingambit|Low Kick|p2a: Kanaria
|-supereffective|p2a: Kanaria
|-damage|p2a: Kanaria|0 fnt
|faint|p2a: Kanaria
|-end|p2a: Kanaria|fallen4|[silent]
|
|upkeep
|
|t:|1780942326
|switch|p2a: Latinas|Latias, F|100/100
|turn|17
|
|t:|1780942329
|-terastallize|p2a: Latinas|Poison
|move|p2a: Latinas|Calm Mind|p2a: Latinas
|-boost|p2a: Latinas|spa|1
|-boost|p2a: Latinas|spd|1
|move|p1a: Kingambit|Swords Dance|p1a: Kingambit
|-boost|p1a: Kingambit|atk|2
|
|upkeep
|turn|18
|
|t:|1780942333
|move|p2a: Latinas|Aura Sphere|p1a: Kingambit
|-supereffective|p1a: Kingambit
|-damage|p1a: Kingambit|0 fnt
|-enditem|p1a: Kingambit|Air Balloon
|faint|p1a: Kingambit
|-end|p1a: Kingambit|fallen5|[silent]
|
|win|DiceyRice
|raw|palmin's rating: 1597 &rarr; <strong>1589</strong><br />(-8 for losing)
|raw|DiceyRice's rating: 1832 &rarr; <strong>1840</strong><br />(+8 for winning)
|l|☆palmin
|player|p1|
