|j|☆bigballs01
|j|☆tony urbadaliano
|t:|1781480175
|gametype|singles
|player|p1|bigballs01|swimmer-gen4dp|1610
|player|p2|tony urbadaliano|hooligans|1557
|gen|9
|tier|[Gen 9] OU
|rated|
|rule|HP Percentage Mod: HP is shown in percentages
|rule|Endless Battle Clause: Forcing endless battles is banned
|rule|Species Clause: Limit one of each Pokémon
|rule|OHKO Clause: OHKO moves are banned
|rule|Evasion Items Clause: Evasion items are banned
|rule|Evasion Moves Clause: Evasion moves are banned
|rule|Evasion Abilities Clause: Evasion abilities are banned
|rule|Sleep Moves Clause: Sleep-inducing moves are banned
|clearpoke
|poke|p1|Hatterene, F|
|poke|p1|Great Tusk|
|poke|p1|Tornadus-Therian, M|
|poke|p1|Kyurem|
|poke|p1|Slowking-Galar, M|
|poke|p1|Kingambit, M|
|poke|p2|Iron Valiant|
|poke|p2|Latias, F|
|poke|p2|Kingambit, M|
|poke|p2|Cinderace, F|
|poke|p2|Ogerpon-Wellspring, F|
|poke|p2|Landorus-Therian, M|
|teampreview
|inactive|Battle timer is ON: inactive players will automatically lose when time's up. (requested by tony urbadaliano)
|inactive|bigballs01 also wants the timer to be on.
|j| jinjageeza
|
|t:|1781480190
|teamsize|p1|6
|teamsize|p2|6
|start
|switch|p1a: Great Tusk|Great Tusk|100/100
|switch|p2a: Loveless|Iron Valiant|100/100
|turn|1
|
|t:|1781480194
|-end|p1a: Great Tusk|Protosynthesis|[silent]
|switch|p1a: Slowking|Slowking-Galar, M|100/100
|move|p2a: Loveless|Psyshock|p1a: Slowking
|-damage|p1a: Slowking|69/100
|
|-heal|p1a: Slowking|76/100|[from] item: Black Sludge
|upkeep
|turn|2
|
|t:|1781480199
|-end|p2a: Loveless|Quark Drive|[silent]
|switch|p2a: Crimson King|Kingambit, M|100/100
|-prepare|p1a: Slowking|Chilly Reception|[premajor]
|move|p1a: Slowking|Chilly Reception|p1a: Slowking
|-weather|Snowscape
|
|t:|1781480203
|switch|p1a: Great Tusk|Great Tusk|100/100|[from] Chilly Reception
|
|-weather|Snowscape|[upkeep]
|upkeep
|turn|3
|
|t:|1781480206
|switch|p2a: cLOUDDEAD|Landorus-Therian, M|100/100
|-ability|p2a: cLOUDDEAD|Intimidate|boost
|-unboost|p1a: Great Tusk|atk|1
|move|p1a: Great Tusk|Ice Spinner|p2a: cLOUDDEAD
|-supereffective|p2a: cLOUDDEAD
|-crit|p2a: cLOUDDEAD
|-damage|p2a: cLOUDDEAD|0 fnt
|-damage|p1a: Great Tusk|84/100|[from] item: Rocky Helmet|[of] p2a: cLOUDDEAD
|faint|p2a: cLOUDDEAD
|
|-weather|Snowscape|[upkeep]
|upkeep
|
|t:|1781480209
|switch|p2a: Lodi Dodi|Latias, F|100/100
|turn|4
|
|t:|1781480214
|-end|p1a: Great Tusk|Protosynthesis|[silent]
|switch|p1a: Slowking|Slowking-Galar, M|100/100
|move|p2a: Lodi Dodi|Agility|p2a: Lodi Dodi
|-boost|p2a: Lodi Dodi|spe|2
|
|-weather|Snowscape|[upkeep]
|upkeep
|turn|5
|
|t:|1781480220
|move|p2a: Lodi Dodi|Calm Mind|p2a: Lodi Dodi
|-boost|p2a: Lodi Dodi|spa|1
|-boost|p2a: Lodi Dodi|spd|1
|move|p1a: Slowking|Trick|p2a: Lodi Dodi
|-activate|p1a: Slowking|move: Trick|[of] p2a: Lodi Dodi
|-item|p2a: Lodi Dodi|Black Sludge|[from] move: Trick
|-item|p1a: Slowking|Weakness Policy|[from] move: Trick
|
|-weather|Snowscape|[upkeep]
|-damage|p2a: Lodi Dodi|88/100|[from] item: Black Sludge
|upkeep
|turn|6
|
|t:|1781480229
|move|p2a: Lodi Dodi|Stored Power|p1a: Slowking
|-damage|p1a: Slowking|57/100
|-prepare|p1a: Slowking|Chilly Reception|[premajor]
|move|p1a: Slowking|Chilly Reception|p1a: Slowking
|
|t:|1781480232
|switch|p1a: Kingambit|Kingambit, M|100/100|[from] Chilly Reception
|
|-weather|none
|-damage|p2a: Lodi Dodi|76/100|[from] item: Black Sludge
|upkeep
|turn|7
|l| jinjageeza
|
|t:|1781480247
|move|p1a: Kingambit|Sucker Punch|p2a: Lodi Dodi
|-supereffective|p2a: Lodi Dodi
|-damage|p2a: Lodi Dodi|16/100
|move|p2a: Lodi Dodi|Draining Kiss|p1a: Kingambit
|-damage|p1a: Kingambit|84/100
|-heal|p2a: Lodi Dodi|30/100|[from] drain|[of] p1a: Kingambit
|
|-damage|p2a: Lodi Dodi|18/100|[from] item: Black Sludge
|-heal|p1a: Kingambit|90/100|[from] item: Leftovers
|upkeep
|turn|8
|
|t:|1781480258
|switch|p2a: Firestarter|Cinderace, F|100/100
|move|p1a: Kingambit|Kowtow Cleave|p2a: Firestarter
|-damage|p2a: Firestarter|37/100
|
|-heal|p1a: Kingambit|96/100|[from] item: Leftovers
|upkeep
|turn|9
|
|t:|1781480263
|-end|p1a: Kingambit|fallenundefined|[silent]
|switch|p1a: Hatterene|Hatterene, F|100/100
|move|p2a: Firestarter|Will-O-Wisp|p1a: Hatterene
|move|p1a: Hatterene|Will-O-Wisp|p2a: Firestarter|[from] ability: Magic Bounce
|-immune|p2a: Firestarter
|
|upkeep
|turn|10
|
|t:|1781480267
|move|p2a: Firestarter|U-turn|p1a: Hatterene
|-damage|p1a: Hatterene|85/100
|-damage|p2a: Firestarter|21/100|[from] item: Rocky Helmet|[of] p1a: Hatterene
|
|t:|1781480272
|switch|p2a: The Blue Mask|Ogerpon-Wellspring, F|100/100|[from] U-turn
|move|p1a: Hatterene|Psychic Noise|p2a: The Blue Mask
|-damage|p2a: The Blue Mask|59/100
|-start|p2a: The Blue Mask|move: Heal Block
|
|upkeep
|turn|11
|
|t:|1781480275
|move|p2a: The Blue Mask|Knock Off|p1a: Hatterene
|-damage|p1a: Hatterene|52/100
|-damage|p2a: The Blue Mask|42/100|[from] item: Rocky Helmet|[of] p1a: Hatterene
|-enditem|p1a: Hatterene|Rocky Helmet|[from] move: Knock Off|[of] p2a: The Blue Mask
|move|p1a: Hatterene|Nuzzle|p2a: The Blue Mask
|-damage|p2a: The Blue Mask|37/100
|-status|p2a: The Blue Mask|par
|
|-end|p2a: The Blue Mask|move: Heal Block
|upkeep
|turn|12
|
|t:|1781480279
|move|p2a: The Blue Mask|Ivy Cudgel|p1a: Hatterene|[anim] Ivy Cudgel Water
|-damage|p1a: Hatterene|7/100
|move|p1a: Hatterene|Psychic Noise|p2a: The Blue Mask
|-damage|p2a: The Blue Mask|0 fnt
|faint|p2a: The Blue Mask
|
|upkeep
|
|t:|1781480283
|switch|p2a: Loveless|Iron Valiant|100/100
|turn|13
|
|t:|1781480292
|-terastallize|p2a: Loveless|Fairy
|move|p2a: Loveless|Moonblast|p1a: Hatterene
|-damage|p1a: Hatterene|0 fnt
|faint|p1a: Hatterene
|
|upkeep
|
|t:|1781480296
|switch|p1a: Slowking|Slowking-Galar, M|90/100
|turn|14
|
|t:|1781480300
|-end|p2a: Loveless|Quark Drive|[silent]
|switch|p2a: Crimson King|Kingambit, M|100/100
|-prepare|p1a: Slowking|Chilly Reception|[premajor]
|move|p1a: Slowking|Chilly Reception|p1a: Slowking
|-weather|Snowscape
|
|t:|1781480308
|switch|p1a: Great Tusk|Great Tusk|84/100|[from] Chilly Reception
|
|-weather|Snowscape|[upkeep]
|upkeep
|turn|15
|
|t:|1781480312
|switch|p2a: Lodi Dodi|Latias, F|18/100
|move|p1a: Great Tusk|Rapid Spin|p2a: Lodi Dodi
|-damage|p2a: Lodi Dodi|4/100
|-boost|p1a: Great Tusk|spe|1
|
|-weather|Snowscape|[upkeep]
|-damage|p2a: Lodi Dodi|0 fnt|[from] item: Black Sludge
|faint|p2a: Lodi Dodi
|upkeep
|
|t:|1781480315
|switch|p2a: Loveless|Iron Valiant, tera:Fairy|100/100
|turn|16
|
|t:|1781480322
|-end|p1a: Great Tusk|Protosynthesis|[silent]
|switch|p1a: Slowking|Slowking-Galar, M|100/100
|move|p2a: Loveless|Moonblast|p1a: Slowking
|-resisted|p1a: Slowking
|-damage|p1a: Slowking|62/100
|
|-weather|Snowscape|[upkeep]
|upkeep
|turn|17
|
|t:|1781480328
|move|p2a: Loveless|Moonblast|p1a: Slowking
|-resisted|p1a: Slowking
|-damage|p1a: Slowking|22/100
|-prepare|p1a: Slowking|Chilly Reception|[premajor]
|move|p1a: Slowking|Chilly Reception|p1a: Slowking
|
|t:|1781480333
|switch|p1a: Kingambit|Kingambit, M|96/100|[from] Chilly Reception
|-activate|p1a: Kingambit|ability: Supreme Overlord
|-start|p1a: Kingambit|fallen1|[silent]
|
|-weather|Snowscape|[upkeep]
|-heal|p1a: Kingambit|100/100|[from] item: Leftovers
|upkeep
|turn|18
|
|t:|1781480339
|move|p2a: Loveless|Moonblast|p1a: Kingambit
|-damage|p1a: Kingambit|6/100
|-unboost|p1a: Kingambit|spa|1
|move|p1a: Kingambit|Iron Head|p2a: Loveless
|-supereffective|p2a: Loveless
|-damage|p2a: Loveless|0 fnt
|faint|p2a: Loveless
|-end|p2a: Loveless|Quark Drive|[silent]
|
|-weather|none
|-heal|p1a: Kingambit|12/100|[from] item: Leftovers
|upkeep
|
|t:|1781480343
|switch|p2a: Crimson King|Kingambit, M|100/100
|turn|19
|
|t:|1781480348
|-end|p1a: Kingambit|fallen1|[silent]
|switch|p1a: Great Tusk|Great Tusk|84/100
|move|p2a: Crimson King|Iron Head|p1a: Great Tusk
|-damage|p1a: Great Tusk|51/100
|-damage|p2a: Crimson King|84/100|[from] item: Rocky Helmet|[of] p1a: Great Tusk
|
|-heal|p2a: Crimson King|90/100|[from] item: Leftovers
|upkeep
|turn|20
|-message|tony urbadaliano forfeited.
|
|win|bigballs01
|raw|bigballs01's rating: 1610 &rarr; <strong>1627</strong><br />(+17 for winning)
|raw|tony urbadaliano's rating: 1557 &rarr; <strong>1540</strong><br />(-17 for losing)
|l|☆tony urbadaliano
|player|p2|
|c|☆bigballs01|gg
|l|☆bigballs01
|player|p1|
