|j|☆Liaoa
|j|☆KurisuChestnutOU
|t:|1781166245
|gametype|singles
|player|p1|Liaoa|bellelba|1563
|player|p2|KurisuChestnutOU|may-contest|1618
|gen|9
|tier|[Gen 9] OU
|rated|
|rule|HP Percentage Mod: HP is shown in percentages
|rule|Endless Battle Clause: Forcing endless battles is banned
|rule|Species Clause: Limit one of each Pokémon
|rule|OHKO Clause: OHKO moves are banned
|rule|Evasion Items Clause: Evasion items are banned
|rule|Evasion Moves Clause: Evasion moves are banned
|rule|Evasion Abilities Clause: Evasion abilities are banned
|rule|Sleep Moves Clause: Sleep-inducing moves are banned
|clearpoke
|poke|p1|Clefable, F|
|poke|p1|Dondozo, M|
|poke|p1|Alomomola, F|
|poke|p1|Ting-Lu|
|poke|p1|Skeledirge, F|
|poke|p1|Corviknight, F|
|poke|p2|Hawlucha, F|
|poke|p2|Samurott-Hisui, F|
|poke|p2|Rillaboom, F|
|poke|p2|Gholdengo|
|poke|p2|Kyurem|
|poke|p2|Landorus-Therian, M|
|teampreview
|inactive|Battle timer is ON: inactive players will automatically lose when time's up. (requested by Liaoa)
|
|t:|1781166252
|teamsize|p1|6
|teamsize|p2|6
|start
|switch|p1a: Clefable|Clefable, F, shiny|100/100
|switch|p2a: Rillaboom|Rillaboom, F|100/100
|-fieldstart|move: Grassy Terrain|[from] ability: Grassy Surge|[of] p2a: Rillaboom
|turn|1
|inactive|KurisuChestnutOU also wants the timer to be on.
|
|t:|1781166261
|switch|p1a: Corviknight|Corviknight, F|100/100
|move|p2a: Rillaboom|Wood Hammer|p1a: Corviknight
|-resisted|p1a: Corviknight
|-damage|p1a: Corviknight|80/100
|-damage|p2a: Rillaboom|94/100|[from] Recoil
|
|-heal|p2a: Rillaboom|100/100|[from] Grassy Terrain
|upkeep
|turn|2
|
|t:|1781166267
|switch|p2a: Landorus|Landorus-Therian, M|100/100
|-ability|p2a: Landorus|Intimidate|boost
|-ability|p1a: Corviknight|Mirror Armor
|-unboost|p2a: Landorus|atk|1
|move|p1a: Corviknight|Brave Bird|p2a: Landorus
|-crit|p2a: Landorus
|-damage|p2a: Landorus|33/100
|-damage|p1a: Corviknight|63/100|[from] item: Rocky Helmet|[of] p2a: Landorus
|-damage|p1a: Corviknight|38/100|[from] Recoil
|
|upkeep
|turn|3
|
|t:|1781166271
|move|p1a: Corviknight|Brave Bird|p2a: Landorus
|-damage|p2a: Landorus|0 fnt
|-damage|p1a: Corviknight|22/100|[from] item: Rocky Helmet|[of] p2a: Landorus
|faint|p2a: Landorus
|-damage|p1a: Corviknight|9/100|[from] Recoil
|
|upkeep
|
|t:|1781166276
|switch|p2a: Kyurem|Kyurem|100/100
|-ability|p2a: Kyurem|Pressure
|turn|4
|
|t:|1781166279
|move|p1a: Corviknight|Brave Bird|p2a: Kyurem
|-damage|p2a: Kyurem|58/100
|-damage|p1a: Corviknight|0 fnt|[from] Recoil
|faint|p1a: Corviknight
|move|p2a: Kyurem|Ice Beam|p1: Corviknight|[notarget]
|-fail|p2a: Kyurem
|
|-heal|p2a: Kyurem|64/100|[from] Grassy Terrain
|upkeep
|
|t:|1781166284
|switch|p1a: Clefable|Clefable, F, shiny|100/100
|turn|5
|
|t:|1781166291
|move|p1a: Clefable|Moonblast|p2a: Kyurem
|-supereffective|p2a: Kyurem
|-damage|p2a: Kyurem|15/100
|move|p2a: Kyurem|Ice Beam|p1a: Clefable
|-damage|p1a: Clefable|46/100
|
|-heal|p1a: Clefable|52/100|[from] Grassy Terrain
|-heal|p2a: Kyurem|21/100|[from] Grassy Terrain
|-fieldend|move: Grassy Terrain
|upkeep
|turn|6
|
|t:|1781166309
|move|p1a: Clefable|Moonblast|p2a: Kyurem
|-supereffective|p2a: Kyurem
|-damage|p2a: Kyurem|0 fnt
|faint|p2a: Kyurem
|
|upkeep
|
|t:|1781166313
|switch|p2a: Rillaboom|Rillaboom, F|100/100
|-fieldstart|move: Grassy Terrain|[from] ability: Grassy Surge|[of] p2a: Rillaboom
|turn|7
|
|t:|1781166320
|switch|p2a: Gholdengo|Gholdengo|100/100
|move|p1a: Clefable|Moonblast|p2a: Gholdengo
|-resisted|p2a: Gholdengo
|-damage|p2a: Gholdengo|79/100
|
|-heal|p2a: Gholdengo|85/100|[from] Grassy Terrain
|-heal|p1a: Clefable|58/100|[from] Grassy Terrain
|upkeep
|turn|8
|
|t:|1781166324
|switch|p2a: Rillaboom|Rillaboom, F|100/100
|switch|p1a: Ting-Lu|Ting-Lu|100/100
|-ability|p1a: Ting-Lu|Vessel of Ruin
|
|upkeep
|turn|9
|
|t:|1781166329
|switch|p1a: Skeledirge|Skeledirge, F|100/100
|move|p2a: Rillaboom|Wood Hammer|p1a: Skeledirge
|-resisted|p1a: Skeledirge
|-damage|p1a: Skeledirge|57/100
|-damage|p2a: Rillaboom|87/100|[from] Recoil
|
|-heal|p1a: Skeledirge|63/100|[from] Grassy Terrain
|-heal|p2a: Rillaboom|93/100|[from] Grassy Terrain
|upkeep
|turn|10
|
|t:|1781166335
|-terastallize|p2a: Rillaboom|Fire
|move|p1a: Skeledirge|Torch Song|p2a: Rillaboom
|-resisted|p2a: Rillaboom
|-crit|p2a: Rillaboom
|-damage|p2a: Rillaboom|61/100
|-boost|p1a: Skeledirge|spa|1
|move|p2a: Rillaboom|Knock Off|p1a: Skeledirge
|-supereffective|p1a: Skeledirge
|-damage|p1a: Skeledirge|0 fnt
|-enditem|p1a: Skeledirge|Choice Scarf|[from] move: Knock Off|[of] p2a: Rillaboom
|faint|p1a: Skeledirge
|
|-heal|p2a: Rillaboom|67/100|[from] Grassy Terrain
|upkeep
|
|t:|1781166340
|switch|p1a: Dondozo|Dondozo, M|100/100
|turn|11
|
|t:|1781166344
|switch|p2a: Gholdengo|Gholdengo|85/100
|-terastallize|p1a: Dondozo|Dragon
|move|p1a: Dondozo|Liquidation|p2a: Gholdengo
|-damage|p2a: Gholdengo|21/100
|
|-heal|p2a: Gholdengo|27/100|[from] Grassy Terrain
|-fieldend|move: Grassy Terrain
|upkeep
|turn|12
|
|t:|1781166349
|switch|p1a: Ting-Lu|Ting-Lu|100/100
|-ability|p1a: Ting-Lu|Vessel of Ruin
|move|p2a: Gholdengo|Make It Rain|p1a: Ting-Lu
|-damage|p1a: Ting-Lu|64/100
|-unboost|p2a: Gholdengo|spa|1
|
|upkeep
|turn|13
|
|t:|1781166353
|move|p2a: Gholdengo|Make It Rain|p1a: Ting-Lu
|-damage|p1a: Ting-Lu|40/100
|-unboost|p2a: Gholdengo|spa|1
|move|p1a: Ting-Lu|Stealth Rock|p2a: Gholdengo
|-sidestart|p2: KurisuChestnutOU|move: Stealth Rock
|
|upkeep
|turn|14
|
|t:|1781166357
|move|p2a: Gholdengo|Make It Rain|p1a: Ting-Lu
|-damage|p1a: Ting-Lu|20/100
|-unboost|p2a: Gholdengo|spa|1
|move|p1a: Ting-Lu|Earthquake|p2a: Gholdengo
|-supereffective|p2a: Gholdengo
|-damage|p2a: Gholdengo|0 fnt
|faint|p2a: Gholdengo
|
|upkeep
|
|t:|1781166364
|switch|p2a: Samurott|Samurott-Hisui, F|100/100
|-damage|p2a: Samurott|88/100|[from] Stealth Rock
|turn|15
|-enditem|p1a: Ting-Lu|Custap Berry|[eat]
|-activate|p1a: Ting-Lu|item: Custap Berry|[consumed]
|
|t:|1781166367
|move|p1a: Ting-Lu|Earthquake|p2a: Samurott
|-damage|p2a: Samurott|30/100
|move|p2a: Samurott|Ceaseless Edge|p1a: Ting-Lu
|-resisted|p1a: Ting-Lu
|-damage|p1a: Ting-Lu|8/100
|-sidestart|p1: Liaoa|Spikes
|
|upkeep
|turn|16
|
|t:|1781166373
|switch|p1a: Clefable|Clefable, F, shiny|58/100
|move|p2a: Samurott|Ceaseless Edge|p1a: Clefable
|-resisted|p1a: Clefable
|-damage|p1a: Clefable|31/100
|-sidestart|p1: Liaoa|Spikes
|
|upkeep
|turn|17
|
|t:|1781166380
|switch|p2a: Rillaboom|Rillaboom, F, tera:Fire|67/100
|-damage|p2a: Rillaboom|42/100|[from] Stealth Rock
|-fieldstart|move: Grassy Terrain|[from] ability: Grassy Surge|[of] p2a: Rillaboom
|move|p1a: Clefable|Moonblast|p2a: Rillaboom
|-resisted|p2a: Rillaboom
|-damage|p2a: Rillaboom|16/100
|
|-heal|p1a: Clefable|37/100|[from] Grassy Terrain
|-heal|p2a: Rillaboom|23/100|[from] Grassy Terrain
|upkeep
|turn|18
|
|t:|1781166389
|move|p1a: Clefable|Moonblast|p2a: Rillaboom
|-resisted|p2a: Rillaboom
|-damage|p2a: Rillaboom|0 fnt
|faint|p2a: Rillaboom
|
|-heal|p1a: Clefable|43/100|[from] Grassy Terrain
|upkeep
|
|t:|1781166394
|switch|p2a: Hawlucha|Hawlucha, F|100/100
|-damage|p2a: Hawlucha|88/100|[from] Stealth Rock
|-enditem|p2a: Hawlucha|Grassy Seed
|-boost|p2a: Hawlucha|def|1|[from] item: Grassy Seed
|turn|19
|
|t:|1781166404
|move|p2a: Hawlucha|Acrobatics|p1a: Clefable
|-damage|p1a: Clefable|0 fnt
|faint|p1a: Clefable
|
|upkeep
|
|t:|1781166406
|switch|p1a: Dondozo|Dondozo, M, tera:Dragon|100/100
|-damage|p1a: Dondozo|84/100|[from] Spikes
|turn|20
|
|t:|1781166412
|move|p2a: Hawlucha|Swords Dance|p2a: Hawlucha
|-boost|p2a: Hawlucha|atk|2
|move|p1a: Dondozo|Liquidation|p2a: Hawlucha
|-damage|p2a: Hawlucha|8/100
|
|-heal|p1a: Dondozo|90/100|[from] Grassy Terrain
|upkeep
|turn|21
|
|t:|1781166420
|move|p2a: Hawlucha|Low Kick|p1a: Dondozo
|-damage|p1a: Dondozo|57/100
|move|p1a: Dondozo|Liquidation|p2a: Hawlucha
|-damage|p2a: Hawlucha|0 fnt
|faint|p2a: Hawlucha
|
|-heal|p1a: Dondozo|63/100|[from] Grassy Terrain
|-fieldend|move: Grassy Terrain
|upkeep
|
|t:|1781166423
|switch|p2a: Samurott|Samurott-Hisui, F|30/100
|-damage|p2a: Samurott|17/100|[from] Stealth Rock
|turn|22
|
|t:|1781166429
|move|p2a: Samurott|Flip Turn|p1a: Dondozo
|-resisted|p1a: Dondozo
|-damage|p1a: Dondozo|56/100
|move|p1a: Dondozo|Liquidation|p2a: Samurott
|-resisted|p2a: Samurott
|-damage|p2a: Samurott|0 fnt
|faint|p2a: Samurott
|
|win|Liaoa
|raw|Liaoa's rating: 1563 &rarr; <strong>1586</strong><br />(+23 for winning)
|raw|KurisuChestnutOU's rating: 1621 &rarr; <strong>1598</strong><br />(-23 for losing)
|l|☆KurisuChestnutOU
|player|p2|
|l|☆Liaoa
|player|p1|
