|j|☆suprya
|j|‽oathusishere
|t:|1781419053
|gametype|singles
|player|p1|suprya|clown|1753
|player|p2|oathusishere|artistf-gen6|1719
|gen|9
|tier|[Gen 9] OU
|rated|
|rule|HP Percentage Mod: HP is shown in percentages
|rule|Endless Battle Clause: Forcing endless battles is banned
|rule|Species Clause: Limit one of each Pokémon
|rule|OHKO Clause: OHKO moves are banned
|rule|Evasion Items Clause: Evasion items are banned
|rule|Evasion Moves Clause: Evasion moves are banned
|rule|Evasion Abilities Clause: Evasion abilities are banned
|rule|Sleep Moves Clause: Sleep-inducing moves are banned
|clearpoke
|poke|p1|Pelipper, F|
|poke|p1|Hydrapple, M|
|poke|p1|Iron Treads|
|poke|p1|Mienshao, F|
|poke|p1|Slowking-Galar, M|
|poke|p1|Greninja-*, M|
|poke|p2|Gardevoir, F|
|poke|p2|Rillaboom, M|
|poke|p2|Iron Crown|
|poke|p2|Great Tusk|
|poke|p2|Glimmora, M|
|poke|p2|Iron Jugulis|
|teampreview
|inactive|Battle timer is ON: inactive players will automatically lose when time's up. (requested by oathusishere)
|inactive|suprya also wants the timer to be on.
|
|t:|1781419074
|teamsize|p1|6
|teamsize|p2|6
|start
|switch|p1a: Hydrapple|Hydrapple, M|100/100
|switch|p2a: Rillaboom|Rillaboom, M|100/100
|-fieldstart|move: Grassy Terrain|[from] ability: Grassy Surge|[of] p2a: Rillaboom
|turn|1
|
|t:|1781419086
|move|p2a: Rillaboom|U-turn|p1a: Hydrapple
|-supereffective|p1a: Hydrapple
|-damage|p1a: Hydrapple|70/100
|
|t:|1781419089
|switch|p2a: Glimmora|Glimmora, M|100/100|[from] U-turn
|move|p1a: Hydrapple|Giga Drain|p2a: Glimmora
|-damage|p2a: Glimmora|50/100
|-heal|p1a: Hydrapple|88/100|[from] drain|[of] p2a: Glimmora
|
|-heal|p2a: Glimmora|56/100|[from] Grassy Terrain
|-heal|p1a: Hydrapple|94/100|[from] Grassy Terrain
|upkeep
|turn|2
|
|t:|1781419100
|switch|p1a: Slowking|Slowking-Galar, M|100/100
|move|p2a: Glimmora|Stealth Rock|p1a: Slowking
|-sidestart|p1: suprya|move: Stealth Rock
|
|-heal|p2a: Glimmora|62/100|[from] Grassy Terrain
|upkeep
|turn|3
|
|t:|1781419109
|move|p2a: Glimmora|Earth Power|p1a: Slowking
|-supereffective|p1a: Slowking
|-damage|p1a: Slowking|71/100
|move|p1a: Slowking|Psyshock|p2a: Glimmora
|-supereffective|p2a: Glimmora
|-damage|p2a: Glimmora|0 fnt
|faint|p2a: Glimmora
|
|-heal|p1a: Slowking|77/100|[from] Grassy Terrain
|upkeep
|
|t:|1781419123
|switch|p2a: Rillaboom|Rillaboom, M|100/100
|turn|4
|
|t:|1781419131
|switch|p1a: Hydrapple|Hydrapple, M|100/100
|move|p2a: Rillaboom|Knock Off|p1a: Hydrapple
|-damage|p1a: Hydrapple|81/100
|-enditem|p1a: Hydrapple|Heavy-Duty Boots|[from] move: Knock Off|[of] p2a: Rillaboom
|
|-heal|p1a: Hydrapple|87/100|[from] Grassy Terrain
|upkeep
|turn|5
|
|t:|1781419143
|move|p2a: Rillaboom|U-turn|p1a: Hydrapple
|-supereffective|p1a: Hydrapple
|-crit|p1a: Hydrapple
|-damage|p1a: Hydrapple|40/100
|
|t:|1781419145
|switch|p2a: Iron Crown|Iron Crown|100/100|[from] U-turn
|-enditem|p2a: Iron Crown|Booster Energy
|-activate|p2a: Iron Crown|ability: Quark Drive|[fromitem]
|-start|p2a: Iron Crown|quarkdrivespe
|move|p1a: Hydrapple|Earth Power|p2a: Iron Crown
|-supereffective|p2a: Iron Crown
|-damage|p2a: Iron Crown|59/100
|
|-heal|p2a: Iron Crown|65/100|[from] Grassy Terrain
|-heal|p1a: Hydrapple|46/100|[from] Grassy Terrain
|upkeep
|turn|6
|
|t:|1781419155
|switch|p1a: Iron Treads|Iron Treads|100/100
|-damage|p1a: Iron Treads|98/100|[from] Stealth Rock
|move|p2a: Iron Crown|Calm Mind|p2a: Iron Crown
|-boost|p2a: Iron Crown|spa|1
|-boost|p2a: Iron Crown|spd|1
|
|-heal|p2a: Iron Crown|71/100|[from] Grassy Terrain
|-heal|p1a: Iron Treads|100/100|[from] Grassy Terrain
|upkeep
|turn|7
|
|t:|1781419167
|move|p2a: Iron Crown|Focus Blast|p1a: Iron Treads
|-supereffective|p1a: Iron Treads
|-damage|p1a: Iron Treads|10/100
|move|p1a: Iron Treads|Earthquake|p2a: Iron Crown
|-supereffective|p2a: Iron Crown
|-damage|p2a: Iron Crown|34/100
|
|-heal|p2a: Iron Crown|41/100|[from] Grassy Terrain
|-heal|p1a: Iron Treads|16/100|[from] Grassy Terrain
|-heal|p1a: Iron Treads|22/100|[from] item: Leftovers
|upkeep
|turn|8
|
|t:|1781419192
|move|p2a: Iron Crown|Iron Defense|p2a: Iron Crown
|-boost|p2a: Iron Crown|def|2
|move|p1a: Iron Treads|Rapid Spin|p2a: Iron Crown
|-resisted|p2a: Iron Crown
|-damage|p2a: Iron Crown|38/100
|-boost|p1a: Iron Treads|spe|1
|-sideend|p1: suprya|Stealth Rock|[from] move: Rapid Spin|[of] p1a: Iron Treads
|
|-heal|p2a: Iron Crown|44/100|[from] Grassy Terrain
|-heal|p1a: Iron Treads|28/100|[from] Grassy Terrain
|-heal|p1a: Iron Treads|34/100|[from] item: Leftovers
|-fieldend|move: Grassy Terrain
|upkeep
|turn|9
|
|t:|1781419199
|move|p2a: Iron Crown|Focus Blast|p1a: Iron Treads
|-supereffective|p1a: Iron Treads
|-damage|p1a: Iron Treads|0 fnt
|faint|p1a: Iron Treads
|-end|p1a: Iron Treads|Quark Drive|[silent]
|
|upkeep
|
|t:|1781419202
|switch|p1a: Mienshao|Mienshao, F|100/100
|turn|10
|
|t:|1781419208
|-terastallize|p1a: Mienshao|Dark
|move|p2a: Iron Crown|Stored Power|p1a: Mienshao
|-immune|p1a: Mienshao
|move|p1a: Mienshao|Close Combat|p2a: Iron Crown
|-damage|p2a: Iron Crown|8/100
|-unboost|p1a: Mienshao|def|1
|-unboost|p1a: Mienshao|spd|1
|
|upkeep
|turn|11
|
|t:|1781419219
|switch|p1a: Slowking|Slowking-Galar, M|100/100
|move|p2a: Iron Crown|Focus Blast|p1a: Slowking
|-resisted|p1a: Slowking
|-damage|p1a: Slowking|93/100
|
|upkeep
|turn|12
|
|t:|1781419224
|move|p2a: Iron Crown|Stored Power|p1a: Slowking
|-crit|p1a: Slowking
|-damage|p1a: Slowking|38/100
|move|p1a: Slowking|Surf|p2a: Iron Crown
|-damage|p2a: Iron Crown|0 fnt
|faint|p2a: Iron Crown
|-end|p2a: Iron Crown|Quark Drive|[silent]
|
|upkeep
|
|t:|1781419230
|switch|p2a: Iron Jugulis|Iron Jugulis|100/100
|-enditem|p2a: Iron Jugulis|Booster Energy
|-activate|p2a: Iron Jugulis|ability: Quark Drive|[fromitem]
|-start|p2a: Iron Jugulis|quarkdrivespe
|turn|13
|j| dany555
|
|t:|1781419260
|switch|p1a: Greninja|Greninja, M|100/100
|move|p2a: Iron Jugulis|Dark Pulse|p1a: Greninja
|-resisted|p1a: Greninja
|-crit|p1a: Greninja
|-damage|p1a: Greninja|51/100
|
|upkeep
|turn|14
|
|t:|1781419268
|move|p2a: Iron Jugulis|Hurricane|p1a: Greninja
|-damage|p1a: Greninja|0 fnt
|faint|p1a: Greninja
|
|upkeep
|
|t:|1781419273
|switch|p1a: Mienshao|Mienshao, F, tera:Dark|100/100
|turn|15
|
|t:|1781419282
|move|p2a: Iron Jugulis|Hurricane|p1a: Mienshao
|-damage|p1a: Mienshao|5/100
|move|p1a: Mienshao|Ice Spinner|p2a: Iron Jugulis
|-supereffective|p2a: Iron Jugulis
|-damage|p2a: Iron Jugulis|35/100
|
|upkeep
|turn|16
|
|t:|1781419290
|move|p2a: Iron Jugulis|Dark Pulse|p1a: Mienshao
|-resisted|p1a: Mienshao
|-damage|p1a: Mienshao|0 fnt
|faint|p1a: Mienshao
|
|upkeep
|
|t:|1781419293
|switch|p1a: Pelipper|Pelipper, F|100/100
|-weather|RainDance|[from] ability: Drizzle|[of] p1a: Pelipper
|turn|17
|
|t:|1781419296
|move|p2a: Iron Jugulis|Hurricane|p1a: Pelipper
|-damage|p1a: Pelipper|26/100
|move|p1a: Pelipper|Surf|p2a: Iron Jugulis
|-damage|p2a: Iron Jugulis|0 fnt
|faint|p2a: Iron Jugulis
|-end|p2a: Iron Jugulis|Quark Drive|[silent]
|
|-weather|RainDance|[upkeep]
|upkeep
|
|t:|1781419300
|switch|p2a: Rillaboom|Rillaboom, M|100/100
|-fieldstart|move: Grassy Terrain|[from] ability: Grassy Surge|[of] p2a: Rillaboom
|turn|18
|
|t:|1781419310
|move|p2a: Rillaboom|Knock Off|p1a: Pelipper
|-damage|p1a: Pelipper|0 fnt
|-enditem|p1a: Pelipper|Heavy-Duty Boots|[from] move: Knock Off|[of] p2a: Rillaboom
|faint|p1a: Pelipper
|
|-weather|RainDance|[upkeep]
|upkeep
|
|t:|1781419312
|switch|p1a: Hydrapple|Hydrapple, M|79/100
|turn|19
|
|t:|1781419319
|move|p2a: Rillaboom|U-turn|p1a: Hydrapple
|-supereffective|p1a: Hydrapple
|-damage|p1a: Hydrapple|50/100
|
|t:|1781419321
|switch|p2a: Gardevoir|Gardevoir, F|100/100|[from] U-turn
|-ability|p2a: Gardevoir|Regenerator|Trace|[from] ability: Trace|[of] p1a: Hydrapple
|-enditem|p2a: Gardevoir|Grassy Seed
|-boost|p2a: Gardevoir|def|1|[from] item: Grassy Seed
|move|p1a: Hydrapple|Earth Power|p2a: Gardevoir
|-damage|p2a: Gardevoir|79/100
|
|-weather|RainDance|[upkeep]
|-heal|p2a: Gardevoir|85/100|[from] Grassy Terrain
|-heal|p1a: Hydrapple|56/100|[from] Grassy Terrain
|upkeep
|turn|20
|
|t:|1781419325
|switch|p1a: Slowking|Slowking-Galar, M|72/100
|move|p2a: Gardevoir|Calm Mind|p2a: Gardevoir
|-boost|p2a: Gardevoir|spa|1
|-boost|p2a: Gardevoir|spd|1
|
|-weather|RainDance|[upkeep]
|-heal|p2a: Gardevoir|91/100|[from] Grassy Terrain
|-heal|p1a: Slowking|78/100|[from] Grassy Terrain
|upkeep
|turn|21
|
|t:|1781419341
|move|p2a: Gardevoir|Calm Mind|p2a: Gardevoir
|-boost|p2a: Gardevoir|spa|1
|-boost|p2a: Gardevoir|spd|1
|move|p1a: Slowking|Sludge Bomb|p2a: Gardevoir
|-supereffective|p2a: Gardevoir
|-damage|p2a: Gardevoir|52/100
|-status|p2a: Gardevoir|psn
|
|-weather|none
|-heal|p2a: Gardevoir|58/100 psn|[from] Grassy Terrain
|-heal|p1a: Slowking|84/100|[from] Grassy Terrain
|-damage|p2a: Gardevoir|46/100 psn|[from] psn
|upkeep
|turn|22
|
|t:|1781419352
|move|p2a: Gardevoir|Stored Power|p1a: Slowking
|-damage|p1a: Slowking|29/100
|move|p1a: Slowking|Sludge Bomb|p2a: Gardevoir
|-supereffective|p2a: Gardevoir
|-damage|p2a: Gardevoir|10/100 psn
|
|-heal|p2a: Gardevoir|16/100 psn|[from] Grassy Terrain
|-heal|p1a: Slowking|35/100|[from] Grassy Terrain
|-damage|p2a: Gardevoir|4/100 psn|[from] psn
|upkeep
|turn|23
|
|t:|1781419362
|move|p2a: Gardevoir|Stored Power|p1a: Slowking
|-damage|p1a: Slowking|0 fnt
|faint|p1a: Slowking
|
|-heal|p2a: Gardevoir|10/100 psn|[from] Grassy Terrain
|-damage|p2a: Gardevoir|0 fnt|[from] psn
|faint|p2a: Gardevoir
|upkeep
|
|t:|1781419366
|switch|p2a: Rillaboom|Rillaboom, M|100/100
|switch|p1a: Hydrapple|Hydrapple, M|89/100
|turn|24
|j| rexa2
|
|t:|1781419372
|move|p2a: Rillaboom|U-turn|p1a: Hydrapple
|-supereffective|p1a: Hydrapple
|-damage|p1a: Hydrapple|60/100
|
|t:|1781419375
|switch|p2a: Great Tusk|Great Tusk|100/100|[from] U-turn
|-enditem|p2a: Great Tusk|Booster Energy
|-activate|p2a: Great Tusk|ability: Protosynthesis|[fromitem]
|-start|p2a: Great Tusk|protosynthesisspe
|move|p1a: Hydrapple|Giga Drain|p2a: Great Tusk
|-supereffective|p2a: Great Tusk
|-damage|p2a: Great Tusk|0 fnt
|-heal|p1a: Hydrapple|100/100|[from] drain|[of] p2a: Great Tusk
|faint|p2a: Great Tusk
|-end|p2a: Great Tusk|Protosynthesis|[silent]
|
|upkeep
|
|t:|1781419377
|switch|p2a: Rillaboom|Rillaboom, M|100/100
|turn|25
|
|t:|1781419387
|move|p2a: Rillaboom|U-turn|p1a: Hydrapple
|-supereffective|p1a: Hydrapple
|-damage|p1a: Hydrapple|70/100
|move|p1a: Hydrapple|Nasty Plot|p1a: Hydrapple
|-boost|p1a: Hydrapple|spa|2
|
|-heal|p1a: Hydrapple|76/100|[from] Grassy Terrain
|-fieldend|move: Grassy Terrain
|upkeep
|turn|26
|
|t:|1781419390
|move|p2a: Rillaboom|U-turn|p1a: Hydrapple
|-supereffective|p1a: Hydrapple
|-damage|p1a: Hydrapple|47/100
|move|p1a: Hydrapple|Fickle Beam|p2a: Rillaboom|[anim] Fickle Beam All Out
|-activate|p1a: Hydrapple|move: Fickle Beam
|-damage|p2a: Rillaboom|0 fnt
|faint|p2a: Rillaboom
|
|win|suprya
|raw|suprya's rating: 1753 &rarr; <strong>1771</strong><br />(+18 for winning)
|raw|oathusishere's rating: 1719 &rarr; <strong>1701</strong><br />(-18 for losing)
|l|‽oathusishere
|player|p2|
|l| rexa2
