|j|☆moocowvin
|j|☆team10thPlanett
|t:|1781576870
|gametype|singles
|player|p1|moocowvin|riley|1649
|player|p2|team10thPlanett|veteran|1585
|gen|9
|tier|[Gen 9] OU
|rated|
|rule|HP Percentage Mod: HP is shown in percentages
|rule|Endless Battle Clause: Forcing endless battles is banned
|rule|Species Clause: Limit one of each Pokémon
|rule|OHKO Clause: OHKO moves are banned
|rule|Evasion Items Clause: Evasion items are banned
|rule|Evasion Moves Clause: Evasion moves are banned
|rule|Evasion Abilities Clause: Evasion abilities are banned
|rule|Sleep Moves Clause: Sleep-inducing moves are banned
|clearpoke
|poke|p1|Iron Moth|
|poke|p1|Greninja-*, M|
|poke|p1|Hatterene, F|
|poke|p1|Gliscor, M|
|poke|p1|Raging Bolt|
|poke|p1|Zamazenta-*|
|poke|p2|Zamazenta-*|
|poke|p2|Dragonite, M|
|poke|p2|Araquanid, M|
|poke|p2|Iron Treads|
|poke|p2|Hoopa-Unbound|
|poke|p2|Raikou|
|teampreview
|
|t:|1781576896
|teamsize|p1|6
|teamsize|p2|6
|start
|switch|p1a: Zamazenta|Zamazenta|100/100
|switch|p2a: Hoopa|Hoopa-Unbound|100/100
|-ability|p1a: Zamazenta|Dauntless Shield|boost
|-boost|p1a: Zamazenta|def|1
|turn|1
|
|t:|1781576903
|move|p2a: Hoopa|Psychic|p1a: Zamazenta
|-supereffective|p1a: Zamazenta
|-damage|p1a: Zamazenta|3/100
|-unboost|p1a: Zamazenta|spd|1
|move|p1a: Zamazenta|Reflect|p1a: Zamazenta
|-sidestart|p1: moocowvin|Reflect
|
|upkeep
|turn|2
|
|t:|1781576910
|switch|p1a: Greninja|Greninja, M|100/100
|move|p2a: Hoopa|Psychic|p1a: Greninja
|-immune|p1a: Greninja
|
|upkeep
|turn|3
|
|t:|1781576918
|switch|p2a: Johnny Tsunami 🌊|Araquanid, M|100/100
|move|p1a: Greninja|Swords Dance|p1a: Greninja
|-boost|p1a: Greninja|atk|2
|
|upkeep
|turn|4
|
|t:|1781576928
|move|p1a: Greninja|Swords Dance|p1a: Greninja
|-boost|p1a: Greninja|atk|2
|move|p2a: Johnny Tsunami 🌊|Endeavor|p1a: Greninja
|-immune|p1a: Greninja
|
|upkeep
|turn|5
|
|t:|1781576936
|move|p2a: Johnny Tsunami 🌊|Endure|p2a: Johnny Tsunami 🌊
|-singleturn|p2a: Johnny Tsunami 🌊|move: Endure
|move|p1a: Greninja|Swords Dance|p1a: Greninja
|-boost|p1a: Greninja|atk|2
|
|upkeep
|turn|6
|
|t:|1781576947
|move|p2a: Johnny Tsunami 🌊|Endure||[still]
|-fail|p2a: Johnny Tsunami 🌊
|move|p1a: Greninja|Night Slash|p2a: Johnny Tsunami 🌊
|-crit|p2a: Johnny Tsunami 🌊
|-damage|p2a: Johnny Tsunami 🌊|0 fnt
|faint|p2a: Johnny Tsunami 🌊
|-ability|p1a: Greninja|Battle Bond|boost
|-boost|p1a: Greninja|spa|1
|-boost|p1a: Greninja|spe|1
|-activate|p1a: Greninja|ability: Battle Bond
|
|upkeep
|inactive|Battle timer is ON: inactive players will automatically lose when time's up. (requested by moocowvin)
|
|t:|1781576960
|switch|p2a: Fat Boy|Dragonite, M, shiny|100/100
|turn|7
|
|t:|1781576964
|-terastallize|p2a: Fat Boy|Normal
|move|p2a: Fat Boy|Extreme Speed|p1a: Greninja
|-damage|p1a: Greninja|43/100
|move|p1a: Greninja|Night Slash|p2a: Fat Boy
|-damage|p2a: Fat Boy|42/100
|
|-heal|p1a: Greninja|49/100|[from] item: Leftovers
|upkeep
|turn|8
|
|t:|1781576975
|move|p1a: Greninja|Upper Hand|p2a: Fat Boy
|-supereffective|p2a: Fat Boy
|-damage|p2a: Fat Boy|0 fnt
|faint|p2a: Fat Boy
|
|-heal|p1a: Greninja|55/100|[from] item: Leftovers
|-sideend|p1: moocowvin|Reflect
|upkeep
|c|☆moocowvin|GRENINJAAAAAAAAAAAAAAAAAAAAAAAAAAA
|
|t:|1781576987
|switch|p2a: Zamazenta|Zamazenta|100/100
|-ability|p2a: Zamazenta|Dauntless Shield|boost
|-boost|p2a: Zamazenta|def|1
|turn|9
|
|t:|1781576993
|move|p1a: Greninja|Liquidation|p2a: Zamazenta
|-damage|p2a: Zamazenta|16/100
|move|p2a: Zamazenta|Close Combat|p1a: Greninja
|-supereffective|p1a: Greninja
|-damage|p1a: Greninja|0 fnt
|-unboost|p2a: Zamazenta|def|1
|-unboost|p2a: Zamazenta|spd|1
|faint|p1a: Greninja
|-damage|p2a: Zamazenta|7/100|[from] item: Life Orb
|
|upkeep
|
|t:|1781577000
|switch|p1a: Iron Moth|Iron Moth|100/100
|-enditem|p1a: Iron Moth|Booster Energy
|-activate|p1a: Iron Moth|ability: Quark Drive|[fromitem]
|-start|p1a: Iron Moth|quarkdrivespe
|turn|10
|c|☆team10thPlanett|that set is cool as hell
|c|☆moocowvin|thank you I love this set
|c|☆team10thPlanett|how great for gambit hey!!
|inactive|team10thPlanett has 120 seconds left.
|c|☆moocowvin|ikr
|
|t:|1781577035
|move|p1a: Iron Moth|Fiery Dance|p2a: Zamazenta
|-damage|p2a: Zamazenta|0 fnt
|faint|p2a: Zamazenta
|
|upkeep
|
|t:|1781577048
|switch|p2a: Hoopa|Hoopa-Unbound|100/100
|turn|11
|
|t:|1781577059
|move|p1a: Iron Moth|Fiery Dance|p2a: Hoopa
|-damage|p2a: Hoopa|61/100
|-boost|p1a: Iron Moth|spa|1
|move|p2a: Hoopa|Psychic|p1a: Iron Moth
|-supereffective|p1a: Iron Moth
|-damage|p1a: Iron Moth|0 fnt
|faint|p1a: Iron Moth
|-end|p1a: Iron Moth|Quark Drive|[silent]
|
|upkeep
|
|t:|1781577067
|switch|p1a: Hatterene|Hatterene, F|100/100
|turn|12
|
|t:|1781577074
|switch|p2a: Raikou|Raikou|100/100
|move|p1a: Hatterene|Calm Mind|p1a: Hatterene
|-boost|p1a: Hatterene|spa|1
|-boost|p1a: Hatterene|spd|1
|
|upkeep
|turn|13
|
|t:|1781577086
|move|p2a: Raikou|Shadow Ball|p1a: Hatterene
|-supereffective|p1a: Hatterene
|-damage|p1a: Hatterene|63/100
|move|p1a: Hatterene|Calm Mind|p1a: Hatterene
|-boost|p1a: Hatterene|spa|1
|-boost|p1a: Hatterene|spd|1
|
|-heal|p1a: Hatterene|69/100|[from] item: Leftovers
|upkeep
|turn|14
|
|t:|1781577095
|move|p2a: Raikou|Shadow Ball|p1a: Hatterene
|-supereffective|p1a: Hatterene
|-damage|p1a: Hatterene|36/100
|move|p1a: Hatterene|Draining Kiss|p2a: Raikou
|-damage|p2a: Raikou|53/100
|-heal|p1a: Hatterene|73/100|[from] drain|[of] p2a: Raikou
|
|-heal|p1a: Hatterene|79/100|[from] item: Leftovers
|upkeep
|turn|15
|
|t:|1781577105
|move|p2a: Raikou|Shadow Ball|p1a: Hatterene
|-supereffective|p1a: Hatterene
|-damage|p1a: Hatterene|49/100
|move|p1a: Hatterene|Draining Kiss|p2a: Raikou
|-damage|p2a: Raikou|3/100
|-heal|p1a: Hatterene|86/100|[from] drain|[of] p2a: Raikou
|
|-heal|p1a: Hatterene|92/100|[from] item: Leftovers
|upkeep
|turn|16
|
|t:|1781577116
|move|p2a: Raikou|Shadow Ball|p1a: Hatterene
|-supereffective|p1a: Hatterene
|-damage|p1a: Hatterene|61/100
|move|p1a: Hatterene|Draining Kiss|p2a: Raikou
|-damage|p2a: Raikou|0 fnt
|-heal|p1a: Hatterene|63/100|[from] drain|[of] p2a: Raikou
|faint|p2a: Raikou
|
|-heal|p1a: Hatterene|69/100|[from] item: Leftovers
|upkeep
|
|t:|1781577137
|switch|p2a: Hoopa|Hoopa-Unbound|61/100
|turn|17
|
|t:|1781577150
|move|p2a: Hoopa|Dark Pulse|p1a: Hatterene
|-damage|p1a: Hatterene|42/100
|move|p1a: Hatterene|Draining Kiss|p2a: Hoopa
|-supereffective|p2a: Hoopa
|-damage|p2a: Hoopa|0 fnt
|-heal|p1a: Hatterene|85/100|[from] drain|[of] p2a: Hoopa
|faint|p2a: Hoopa
|
|-heal|p1a: Hatterene|91/100|[from] item: Leftovers
|upkeep
|inactive|team10thPlanett has 120 seconds left.
|
|t:|1781577161
|switch|p2a: Iron Treads|Iron Treads|100/100
|-enditem|p2a: Iron Treads|Booster Energy
|-activate|p2a: Iron Treads|ability: Quark Drive|[fromitem]
|-start|p2a: Iron Treads|quarkdrivespe
|turn|18
|
|t:|1781577166
|move|p2a: Iron Treads|Earthquake|p1a: Hatterene
|-damage|p1a: Hatterene|53/100
|move|p1a: Hatterene|Mystical Fire|p2a: Iron Treads
|-supereffective|p2a: Iron Treads
|-damage|p2a: Iron Treads|0 fnt
|faint|p2a: Iron Treads
|-end|p2a: Iron Treads|Quark Drive|[silent]
|
|win|moocowvin
|raw|moocowvin's rating: 1649 &rarr; <strong>1665</strong><br />(+16 for winning)
|raw|team10thPlanett's rating: 1585 &rarr; <strong>1569</strong><br />(-16 for losing)
|c|☆moocowvin|ggwp
|l|☆team10thPlanett
|player|p2|
|l|☆moocowvin
|player|p1|
