|j|☆youngfootsoldier
|j|☆fifodrummer
|t:|1781004514
|gametype|singles
|player|p1|youngfootsoldier|cyrus|1524
|player|p2|fifodrummer|pokemaniac|1573
|gen|9
|tier|[Gen 9] OU
|rated|
|rule|HP Percentage Mod: HP is shown in percentages
|rule|Endless Battle Clause: Forcing endless battles is banned
|rule|Species Clause: Limit one of each Pokémon
|rule|OHKO Clause: OHKO moves are banned
|rule|Evasion Items Clause: Evasion items are banned
|rule|Evasion Moves Clause: Evasion moves are banned
|rule|Evasion Abilities Clause: Evasion abilities are banned
|rule|Sleep Moves Clause: Sleep-inducing moves are banned
|clearpoke
|poke|p1|Indeedee, M|
|poke|p1|Hatterene, F|
|poke|p1|Ursaluna, F|
|poke|p1|Iron Hands|
|poke|p1|Hoopa-Unbound|
|poke|p1|Pawmot, F|
|poke|p2|Pelipper, M|
|poke|p2|Raging Bolt|
|poke|p2|Overqwil, M|
|poke|p2|Ogerpon-Wellspring, F|
|poke|p2|Scizor, M|
|poke|p2|Kingdra, F|
|teampreview
|inactive|Battle timer is ON: inactive players will automatically lose when time's up. (requested by youngfootsoldier)
|
|t:|1781004532
|teamsize|p1|6
|teamsize|p2|6
|start
|switch|p1a: LEBROOOOOON|Iron Hands, shiny|100/100
|switch|p2a: The Mask|Ogerpon-Wellspring, F|100/100
|-enditem|p1a: LEBROOOOOON|Booster Energy
|-activate|p1a: LEBROOOOOON|ability: Quark Drive|[fromitem]
|-start|p1a: LEBROOOOOON|quarkdriveatk
|turn|1
|
|t:|1781004542
|move|p2a: The Mask|Swords Dance|p2a: The Mask
|-boost|p2a: The Mask|atk|2
|move|p1a: LEBROOOOOON|Supercell Slam|p2a: The Mask
|-damage|p2a: The Mask|0 fnt
|faint|p2a: The Mask
|
|upkeep
|
|t:|1781004551
|switch|p2a: Nigel|Pelipper, M|100/100
|-weather|RainDance|[from] ability: Drizzle|[of] p2a: Nigel
|turn|2
|
|t:|1781004556
|-terastallize|p2a: Nigel|Ground
|move|p2a: Nigel|U-turn|p1a: LEBROOOOOON
|-resisted|p1a: LEBROOOOOON
|-damage|p1a: LEBROOOOOON|98/100
|
|t:|1781004560
|switch|p2a: I'm a Dragon!?|Kingdra, F|100/100|[from] U-turn
|move|p1a: LEBROOOOOON|Supercell Slam|p2a: I'm a Dragon!?
|-damage|p2a: I'm a Dragon!?|10/100
|
|-weather|RainDance|[upkeep]
|upkeep
|turn|3
|
|t:|1781004568
|move|p2a: I'm a Dragon!?|Surf|p1a: LEBROOOOOON
|-damage|p1a: LEBROOOOOON|32/100
|move|p1a: LEBROOOOOON|Ice Punch|p2a: I'm a Dragon!?
|-damage|p2a: I'm a Dragon!?|0 fnt
|faint|p2a: I'm a Dragon!?
|
|-weather|RainDance|[upkeep]
|upkeep
|
|t:|1781004577
|switch|p2a: Spike|Overqwil, M, shiny|100/100
|turn|4
|c|☆youngfootsoldier|tera to u-turn when ur faster ❓❓❓
|
|t:|1781004598
|move|p2a: Spike|Liquidation|p1a: LEBROOOOOON
|-damage|p1a: LEBROOOOOON|0 fnt
|faint|p1a: LEBROOOOOON
|-end|p1a: LEBROOOOOON|Quark Drive|[silent]
|-damage|p2a: Spike|91/100|[from] item: Life Orb
|
|-weather|RainDance|[upkeep]
|upkeep
|c|☆fifodrummer|I thought im slower
|
|t:|1781004608
|switch|p1a: jermaine oneal|Ursaluna, F|100/100
|turn|5
|
|t:|1781004611
|-terastallize|p1a: jermaine oneal|Normal
|move|p2a: Spike|Liquidation|p1a: jermaine oneal
|-damage|p1a: jermaine oneal|61/100
|-damage|p2a: Spike|81/100|[from] item: Life Orb
|move|p1a: jermaine oneal|Headlong Rush|p2a: Spike
|-supereffective|p2a: Spike
|-damage|p2a: Spike|0 fnt
|-unboost|p1a: jermaine oneal|def|1
|-unboost|p1a: jermaine oneal|spd|1
|faint|p2a: Spike
|
|-weather|RainDance|[upkeep]
|-status|p1a: jermaine oneal|brn|[from] item: Flame Orb
|upkeep
|
|t:|1781004629
|switch|p2a: High AF|Raging Bolt|100/100
|turn|6
|
|t:|1781004637
|move|p2a: High AF|Thunder|p1a: jermaine oneal
|-damage|p1a: jermaine oneal|0 fnt
|faint|p1a: jermaine oneal
|
|-weather|RainDance|[upkeep]
|upkeep
|
|t:|1781004640
|switch|p1a: Look at curry man|Indeedee, M|100/100
|-fieldstart|move: Psychic Terrain|[from] ability: Psychic Surge|[of] p1a: Look at curry man
|turn|7
|
|t:|1781004647
|switch|p1a: FTC|Pawmot, F|100/100
|move|p2a: High AF|Thunder|p1a: FTC
|-immune|p1a: FTC|[from] ability: Volt Absorb
|
|-weather|RainDance|[upkeep]
|upkeep
|turn|8
|
|t:|1781004655
|-end|p2a: High AF|Protosynthesis|[silent]
|switch|p2a: Iron Claw|Scizor, M, shiny|100/100
|move|p1a: FTC|Ice Punch|p2a: Iron Claw
|-resisted|p2a: Iron Claw
|-crit|p2a: Iron Claw
|-damage|p2a: Iron Claw|84/100
|
|-weather|RainDance|[upkeep]
|upkeep
|turn|9
|
|t:|1781004663
|move|p1a: FTC|Double Shock|p2a: Iron Claw
|-damage|p2a: Iron Claw|28/100
|-start|p1a: FTC|typechange|???/Fighting|[from] move: Double Shock
|move|p2a: Iron Claw|Defog|p1a: FTC
|-unboost|p1a: FTC|evasion|1
|-fieldend|move: Psychic Terrain
|
|-weather|none
|upkeep
|turn|10
|
|t:|1781004672
|move|p1a: FTC|Close Combat|p2a: Iron Claw
|-damage|p2a: Iron Claw|0 fnt
|-unboost|p1a: FTC|def|1
|-unboost|p1a: FTC|spd|1
|faint|p2a: Iron Claw
|
|upkeep
|
|t:|1781004679
|switch|p2a: High AF|Raging Bolt|100/100
|turn|11
|
|t:|1781004685
|switch|p1a: Look at curry man|Indeedee, M|100/100
|-fieldstart|move: Psychic Terrain|[from] ability: Psychic Surge|[of] p1a: Look at curry man
|move|p2a: High AF|Volt Switch|p1a: Look at curry man
|-damage|p1a: Look at curry man|61/100
|
|t:|1781004687
|-end|p2a: High AF|Protosynthesis|[silent]
|switch|p2a: Nigel|Pelipper, M, tera:Ground|100/100|[from] Volt Switch
|-weather|RainDance|[from] ability: Drizzle|[of] p2a: Nigel
|
|-weather|RainDance|[upkeep]
|upkeep
|turn|12
|
|t:|1781004695
|move|p2a: Nigel|Hurricane|p1a: Look at curry man
|-damage|p1a: Look at curry man|20/100
|move|p1a: Look at curry man|Trick Room|p1a: Look at curry man
|-fieldstart|move: Trick Room|[of] p1a: Look at curry man
|
|-weather|RainDance|[upkeep]
|upkeep
|turn|13
|
|t:|1781004702
|move|p2a: Nigel|Surf|p1a: Look at curry man
|-damage|p1a: Look at curry man|0 fnt
|faint|p1a: Look at curry man
|
|-weather|RainDance|[upkeep]
|upkeep
|
|t:|1781004705
|switch|p1a: Dutt|Hoopa-Unbound|100/100
|-enditem|p1a: Dutt|Psychic Seed
|-boost|p1a: Dutt|spd|1|[from] item: Psychic Seed
|turn|14
|
|t:|1781004711
|move|p1a: Dutt|Expanding Force|p2a: Nigel
|-damage|p2a: Nigel|0 fnt
|faint|p2a: Nigel
|-item|p1a: Dutt|Damp Rock|[from] ability: Magician|[of] p2: Nigel
|
|-weather|RainDance|[upkeep]
|upkeep
|
|t:|1781004718
|switch|p2a: High AF|Raging Bolt|100/100
|turn|15
|
|t:|1781004721
|move|p1a: Dutt|Expanding Force|p2a: High AF
|-damage|p2a: High AF|13/100
|move|p2a: High AF|Weather Ball|p1a: Dutt
|-damage|p1a: Dutt|73/100
|
|-weather|RainDance|[upkeep]
|upkeep
|turn|16
|c|☆fifodrummer|Ggs
|c|☆youngfootsoldier|gg
|
|t:|1781004729
|move|p1a: Dutt|Expanding Force|p2a: High AF
|-damage|p2a: High AF|0 fnt
|faint|p2a: High AF
|-end|p2a: High AF|Protosynthesis|[silent]
|
|win|youngfootsoldier
|raw|youngfootsoldier's rating: 1524 &rarr; <strong>1547</strong><br />(+23 for winning)
|raw|fifodrummer's rating: 1573 &rarr; <strong>1550</strong><br />(-23 for losing)
|l|☆youngfootsoldier
|player|p1|
