|j|☆haaaaxxxxx
|j|☆NebulaTrainer
|t:|1781369597
|gametype|singles
|player|p1|haaaaxxxxx|266|1539
|player|p2|NebulaTrainer|cynthia-gen4|1579
|gen|9
|tier|[Gen 9] OU
|rated|
|rule|HP Percentage Mod: HP is shown in percentages
|rule|Endless Battle Clause: Forcing endless battles is banned
|rule|Species Clause: Limit one of each Pokémon
|rule|OHKO Clause: OHKO moves are banned
|rule|Evasion Items Clause: Evasion items are banned
|rule|Evasion Moves Clause: Evasion moves are banned
|rule|Evasion Abilities Clause: Evasion abilities are banned
|rule|Sleep Moves Clause: Sleep-inducing moves are banned
|clearpoke
|poke|p1|Alomomola, F|
|poke|p1|Slowking-Galar, F|
|poke|p1|Dragapult, M|
|poke|p1|Great Tusk|
|poke|p1|Ogerpon-Wellspring, F|
|poke|p1|Pecharunt|
|poke|p2|Tornadus-Therian, M|
|poke|p2|Heatran, M|
|poke|p2|Hippowdon, M|
|poke|p2|Keldeo-Resolute|
|poke|p2|Excadrill, M|
|poke|p2|Hydrapple, F|
|teampreview
|inactive|Battle timer is ON: inactive players will automatically lose when time's up. (requested by NebulaTrainer)
|
|t:|1781369630
|teamsize|p1|6
|teamsize|p2|6
|start
|switch|p1a: Great Tusk|Great Tusk|100/100
|switch|p2a: Tornadus|Tornadus-Therian, M, shiny|100/100
|turn|1
|
|t:|1781369651
|-end|p1a: Great Tusk|Protosynthesis|[silent]
|switch|p1a: Pecharunt|Pecharunt|100/100
|move|p2a: Tornadus|Knock Off|p1a: Pecharunt
|-supereffective|p1a: Pecharunt
|-damage|p1a: Pecharunt|83/100
|-enditem|p1a: Pecharunt|Leftovers|[from] move: Knock Off|[of] p2a: Tornadus
|
|upkeep
|turn|2
|
|t:|1781369660
|switch|p2a: Heatran|Heatran, M, shiny|100/100
|move|p1a: Pecharunt|Parting Shot|p2a: Heatran
|-unboost|p2a: Heatran|atk|1
|-unboost|p2a: Heatran|spa|1
|
|t:|1781369666
|switch|p1a: Great Tusk|Great Tusk|100/100|[from] Parting Shot
|
|upkeep
|turn|3
|
|t:|1781369676
|switch|p2a: Tornadus|Tornadus-Therian, M, shiny|100/100
|move|p1a: Great Tusk|Ice Spinner|p2a: Tornadus
|-supereffective|p2a: Tornadus
|-damage|p2a: Tornadus|30/100
|
|upkeep
|turn|4
|inactive|haaaaxxxxx has 120 seconds left.
|
|t:|1781369708
|-end|p1a: Great Tusk|Protosynthesis|[silent]
|switch|p1a: Pecharunt|Pecharunt|83/100
|move|p2a: Tornadus|U-turn|p1a: Pecharunt
|-resisted|p1a: Pecharunt
|-crit|p1a: Pecharunt
|-damage|p1a: Pecharunt|81/100
|
|t:|1781369715
|switch|p2a: Heatran|Heatran, M, shiny|100/100|[from] U-turn
|
|upkeep
|turn|5
|
|t:|1781369720
|switch|p2a: Tornadus|Tornadus-Therian, M, shiny|63/100
|move|p1a: Pecharunt|Parting Shot|p2a: Tornadus
|-unboost|p2a: Tornadus|atk|1
|-unboost|p2a: Tornadus|spa|1
|
|t:|1781369725
|switch|p1a: Great Tusk|Great Tusk|100/100|[from] Parting Shot
|
|upkeep
|turn|6
|
|t:|1781369731
|move|p2a: Tornadus|Hurricane|p1a: Great Tusk
|-supereffective|p1a: Great Tusk
|-damage|p1a: Great Tusk|53/100
|move|p1a: Great Tusk|Ice Spinner|p2a: Tornadus
|-supereffective|p2a: Tornadus
|-damage|p2a: Tornadus|0 fnt
|faint|p2a: Tornadus
|
|upkeep
|
|t:|1781369746
|switch|p2a: Keldeo|Keldeo-Resolute, shiny|100/100
|turn|7
|
|t:|1781369755
|-end|p1a: Great Tusk|Protosynthesis|[silent]
|switch|p1a: Slowking|Slowking-Galar, F|100/100
|move|p2a: Keldeo|Flip Turn|p1a: Slowking
|-damage|p1a: Slowking|86/100
|
|t:|1781369764
|switch|p2a: Excadrill|Excadrill, M, shiny|100/100|[from] Flip Turn
|
|upkeep
|turn|8
|
|t:|1781369769
|switch|p1a: Alomomola|Alomomola, F|100/100
|move|p2a: Excadrill|Swords Dance|p2a: Excadrill
|-boost|p2a: Excadrill|atk|2
|
|upkeep
|turn|9
|
|t:|1781369776
|move|p2a: Excadrill|Rapid Spin|p1a: Alomomola
|-damage|p1a: Alomomola|80/100
|-boost|p2a: Excadrill|spe|1
|move|p1a: Alomomola|Scald|p2a: Excadrill
|-supereffective|p2a: Excadrill
|-damage|p2a: Excadrill|65/100
|-status|p2a: Excadrill|brn
|
|-heal|p2a: Excadrill|71/100 brn|[from] item: Leftovers
|-damage|p2a: Excadrill|65/100 brn|[from] brn
|upkeep
|turn|10
|
|t:|1781369788
|move|p2a: Excadrill|Swords Dance|p2a: Excadrill
|-boost|p2a: Excadrill|atk|2
|move|p1a: Alomomola|Wish|p1a: Alomomola
|
|-heal|p2a: Excadrill|71/100 brn|[from] item: Leftovers
|-damage|p2a: Excadrill|65/100 brn|[from] brn
|upkeep
|turn|11
|
|t:|1781369796
|move|p2a: Excadrill|Earthquake|p1a: Alomomola
|-damage|p1a: Alomomola|40/100
|move|p1a: Alomomola|Scald|p2a: Excadrill
|-supereffective|p2a: Excadrill
|-damage|p2a: Excadrill|30/100 brn
|
|-heal|p1a: Alomomola|90/100|[from] move: Wish|[wisher] Alomomola
|-heal|p2a: Excadrill|36/100 brn|[from] item: Leftovers
|-damage|p2a: Excadrill|30/100 brn|[from] brn
|upkeep
|turn|12
|
|t:|1781369807
|move|p2a: Excadrill|Swords Dance|p2a: Excadrill
|-boost|p2a: Excadrill|atk|2
|move|p1a: Alomomola|Flip Turn|p2a: Excadrill
|-supereffective|p2a: Excadrill
|-damage|p2a: Excadrill|0 fnt
|faint|p2a: Excadrill
|
|t:|1781369820
|switch|p1a: Pecharunt|Pecharunt|81/100|[from] Flip Turn
|
|upkeep
|
|t:|1781369824
|switch|p2a: Hydrapple|Hydrapple, F, shiny|100/100
|turn|13
|
|t:|1781369828
|switch|p2a: Heatran|Heatran, M, shiny|100/100
|move|p1a: Pecharunt|Malignant Chain|p2a: Heatran
|-immune|p2a: Heatran
|
|upkeep
|turn|14
|
|t:|1781369835
|move|p2a: Heatran|Magma Storm|p1a: Pecharunt|[miss]
|-miss|p2a: Heatran|p1a: Pecharunt
|move|p1a: Pecharunt|Parting Shot|p2a: Heatran
|-unboost|p2a: Heatran|atk|1
|-unboost|p2a: Heatran|spa|1
|
|t:|1781369844
|switch|p1a: Great Tusk|Great Tusk|53/100|[from] Parting Shot
|
|upkeep
|turn|15
|
|t:|1781369850
|move|p1a: Great Tusk|Close Combat|p2a: Heatran
|-supereffective|p2a: Heatran
|-damage|p2a: Heatran|0 fnt
|-unboost|p1a: Great Tusk|def|1
|-unboost|p1a: Great Tusk|spd|1
|faint|p2a: Heatran
|
|upkeep
|
|t:|1781369857
|switch|p2a: Hydrapple|Hydrapple, F, shiny|100/100
|turn|16
|
|t:|1781369861
|-end|p1a: Great Tusk|Protosynthesis|[silent]
|switch|p1a: Slowking|Slowking-Galar, F|100/100
|move|p2a: Hydrapple|Nasty Plot|p2a: Hydrapple
|-boost|p2a: Hydrapple|spa|2
|
|upkeep
|turn|17
|
|t:|1781369869
|move|p2a: Hydrapple|Earth Power|p1a: Slowking
|-supereffective|p1a: Slowking
|-damage|p1a: Slowking|29/100
|move|p1a: Slowking|Toxic|p2a: Hydrapple
|-status|p2a: Hydrapple|tox
|
|-damage|p2a: Hydrapple|94/100 tox|[from] psn
|upkeep
|turn|18
|
|t:|1781369881
|switch|p1a: Ogerpon|Ogerpon-Wellspring, F|100/100
|move|p2a: Hydrapple|Fickle Beam|p1a: Ogerpon
|-damage|p1a: Ogerpon|1/100
|
|-damage|p2a: Hydrapple|82/100 tox|[from] psn
|upkeep
|turn|19
|
|t:|1781369890
|move|p1a: Ogerpon|U-turn|p2a: Hydrapple
|-supereffective|p2a: Hydrapple
|-damage|p2a: Hydrapple|38/100 tox
|
|t:|1781369904
|switch|p1a: Slowking|Slowking-Galar, F|63/100|[from] U-turn
|move|p2a: Hydrapple|Earth Power|p1a: Slowking
|-supereffective|p1a: Slowking
|-damage|p1a: Slowking|0 fnt
|faint|p1a: Slowking
|
|-damage|p2a: Hydrapple|20/100 tox|[from] psn
|upkeep
|
|t:|1781369914
|switch|p1a: Ogerpon|Ogerpon-Wellspring, F|1/100
|turn|20
|
|t:|1781369922
|switch|p2a: Hippowdon|Hippowdon, M, shiny|100/100
|-weather|Sandstorm|[from] ability: Sand Stream|[of] p2a: Hippowdon
|move|p1a: Ogerpon|U-turn|p2a: Hippowdon
|-damage|p2a: Hippowdon|87/100
|
|t:|1781369929
|switch|p1a: Alomomola|Alomomola, F|100/100|[from] U-turn
|
|-weather|Sandstorm|[upkeep]
|-damage|p1a: Alomomola|94/100|[from] Sandstorm
|upkeep
|turn|21
|
|t:|1781369936
|move|p2a: Hippowdon|Stealth Rock|p1a: Alomomola
|-sidestart|p1: haaaaxxxxx|move: Stealth Rock
|move|p1a: Alomomola|Scald|p2a: Hippowdon
|-supereffective|p2a: Hippowdon
|-damage|p2a: Hippowdon|60/100
|-status|p2a: Hippowdon|brn
|
|-weather|Sandstorm|[upkeep]
|-damage|p1a: Alomomola|88/100|[from] Sandstorm
|-damage|p2a: Hippowdon|53/100 brn|[from] brn
|upkeep
|turn|22
|
|t:|1781369946
|move|p2a: Hippowdon|Slack Off|p2a: Hippowdon
|-heal|p2a: Hippowdon|100/100 brn
|move|p1a: Alomomola|Wish|p1a: Alomomola
|
|-weather|Sandstorm|[upkeep]
|-damage|p1a: Alomomola|82/100|[from] Sandstorm
|-damage|p2a: Hippowdon|94/100 brn|[from] brn
|upkeep
|turn|23
|
|t:|1781369955
|switch|p2a: Keldeo|Keldeo-Resolute, shiny|100/100
|move|p1a: Alomomola|Flip Turn|p2a: Keldeo
|-resisted|p2a: Keldeo
|-damage|p2a: Keldeo|92/100
|
|t:|1781369965
|switch|p1a: Pecharunt|Pecharunt|81/100|[from] Flip Turn
|-damage|p1a: Pecharunt|68/100|[from] Stealth Rock
|
|-weather|Sandstorm|[upkeep]
|-damage|p2a: Keldeo|86/100|[from] Sandstorm
|-damage|p1a: Pecharunt|62/100|[from] Sandstorm
|-heal|p1a: Pecharunt|100/100|[from] move: Wish|[wisher] Alomomola
|upkeep
|turn|24
|
|t:|1781369974
|move|p2a: Keldeo|Hydro Pump|p1a: Pecharunt
|-damage|p1a: Pecharunt|20/100
|move|p1a: Pecharunt|Malignant Chain|p2a: Keldeo
|-damage|p2a: Keldeo|49/100
|-status|p2a: Keldeo|tox
|-start|p2a: Keldeo|confusion|[from] ability: Poison Puppeteer|[of] p1a: Pecharunt
|
|-weather|Sandstorm|[upkeep]
|-damage|p2a: Keldeo|43/100 tox|[from] Sandstorm
|-damage|p1a: Pecharunt|14/100|[from] Sandstorm
|-damage|p2a: Keldeo|37/100 tox|[from] psn
|upkeep
|turn|25
|
|t:|1781369988
|-activate|p2a: Keldeo|confusion
|move|p2a: Keldeo|Hydro Pump|p1a: Pecharunt|[miss]
|-miss|p2a: Keldeo|p1a: Pecharunt
|move|p1a: Pecharunt|Recover|p1a: Pecharunt
|-heal|p1a: Pecharunt|64/100
|
|-weather|Sandstorm|[upkeep]
|-damage|p2a: Keldeo|31/100 tox|[from] Sandstorm
|-damage|p1a: Pecharunt|58/100|[from] Sandstorm
|-damage|p2a: Keldeo|18/100 tox|[from] psn
|upkeep
|turn|26
|l|☆NebulaTrainer
|inactive|NebulaTrainer disconnected and has a minute to reconnect!
|player|p2|
|inactive|NebulaTrainer has 30 seconds to reconnect!
|inactive|NebulaTrainer has 20 seconds to reconnect!
|inactive|NebulaTrainer has 15 seconds to reconnect!
|inactive|NebulaTrainer has 10 seconds to reconnect!
|inactive|NebulaTrainer has 5 seconds to reconnect!
|-message|NebulaTrainer lost due to inactivity.
|
|win|haaaaxxxxx
|raw|haaaaxxxxx's rating: 1539 &rarr; <strong>1561</strong><br />(+22 for winning)
|raw|NebulaTrainer's rating: 1579 &rarr; <strong>1557</strong><br />(-22 for losing)
|l|☆haaaaxxxxx
|player|p1|
