|j|☆fadingstrawberry
|j|☆No1CelestiaKinnie
|t:|1781497316
|gametype|singles
|player|p1|fadingstrawberry|may-masters|1490
|player|p2|No1CelestiaKinnie|rainbowrocketgruntf|1561
|gen|9
|tier|[Gen 9] OU
|rated|
|rule|HP Percentage Mod: HP is shown in percentages
|rule|Endless Battle Clause: Forcing endless battles is banned
|rule|Species Clause: Limit one of each Pokémon
|rule|OHKO Clause: OHKO moves are banned
|rule|Evasion Items Clause: Evasion items are banned
|rule|Evasion Moves Clause: Evasion moves are banned
|rule|Evasion Abilities Clause: Evasion abilities are banned
|rule|Sleep Moves Clause: Sleep-inducing moves are banned
|clearpoke
|poke|p1|Hoopa-Unbound|
|poke|p1|Slowking-Galar, F|
|poke|p1|Alomomola, F|
|poke|p1|Zamazenta-*|
|poke|p1|Great Tusk|
|poke|p1|Kingambit, F|
|poke|p2|Raging Bolt|
|poke|p2|Ogerpon-Wellspring, F|
|poke|p2|Zamazenta-*|
|poke|p2|Cresselia, F|
|poke|p2|Glimmora, M|
|poke|p2|Kingambit, M|
|teampreview
|inactive|Battle timer is ON: inactive players will automatically lose when time's up. (requested by No1CelestiaKinnie)
|
|t:|1781497328
|teamsize|p1|6
|teamsize|p2|6
|start
|switch|p1a: Hoopa|Hoopa-Unbound|100/100
|switch|p2a: Trojan|Zamazenta, shiny|100/100
|-ability|p2a: Trojan|Dauntless Shield|boost
|-boost|p2a: Trojan|def|1
|turn|1
|
|t:|1781497335
|move|p2a: Trojan|Body Press|p1a: Hoopa
|-damage|p1a: Hoopa|9/100
|move|p1a: Hoopa|Knock Off|p2a: Trojan
|-resisted|p2a: Trojan
|-damage|p2a: Trojan|77/100
|-enditem|p2a: Trojan|Light Clay|[from] move: Knock Off|[of] p1a: Hoopa
|
|upkeep
|turn|2
|
|t:|1781497340
|switch|p1a: Slowking|Slowking-Galar, F|100/100
|move|p2a: Trojan|Light Screen|p2a: Trojan
|-sidestart|p2: No1CelestiaKinnie|move: Light Screen
|
|upkeep
|turn|3
|
|t:|1781497342
|move|p2a: Trojan|Reflect|p2a: Trojan
|-sidestart|p2: No1CelestiaKinnie|Reflect
|-prepare|p1a: Slowking|Chilly Reception|[premajor]
|move|p1a: Slowking|Chilly Reception|p1a: Slowking
|-weather|Snowscape
|
|t:|1781497347
|switch|p1a: Pisces|Alomomola, F|100/100|[from] Chilly Reception
|
|-weather|Snowscape|[upkeep]
|upkeep
|turn|4
|
|t:|1781497350
|switch|p2a: Crescent|Cresselia, F, shiny|100/100
|move|p1a: Pisces|Wish|p1a: Pisces
|
|-weather|Snowscape|[upkeep]
|upkeep
|turn|5
|
|t:|1781497353
|move|p2a: Crescent|Calm Mind|p2a: Crescent
|-boost|p2a: Crescent|spa|1
|-boost|p2a: Crescent|spd|1
|move|p1a: Pisces|Flip Turn|p2a: Crescent
|-damage|p2a: Crescent|95/100
|
|t:|1781497355
|switch|p1a: Hoopa|Hoopa-Unbound|9/100|[from] Flip Turn
|
|-weather|Snowscape|[upkeep]
|-heal|p1a: Hoopa|83/100|[from] move: Wish|[wisher] Pisces
|-heal|p2a: Crescent|100/100|[from] item: Leftovers
|upkeep
|turn|6
|
|t:|1781497362
|-terastallize|p2a: Crescent|Fairy
|move|p1a: Hoopa|Hyperspace Fury|p2a: Crescent
|-resisted|p2a: Crescent
|-damage|p2a: Crescent|81/100
|-unboost|p1a: Hoopa|def|1
|move|p2a: Crescent|Calm Mind|p2a: Crescent
|-boost|p2a: Crescent|spa|1
|-boost|p2a: Crescent|spd|1
|
|-weather|Snowscape|[upkeep]
|-heal|p2a: Crescent|87/100|[from] item: Leftovers
|-sideend|p2: No1CelestiaKinnie|move: Light Screen
|upkeep
|turn|7
|
|t:|1781497368
|switch|p1a: Slowking|Slowking-Galar, F|100/100
|move|p2a: Crescent|Moonblast|p1a: Slowking
|-resisted|p1a: Slowking
|-damage|p1a: Slowking|79/100
|
|-weather|none
|-heal|p2a: Crescent|93/100|[from] item: Leftovers
|-sideend|p2: No1CelestiaKinnie|Reflect
|upkeep
|turn|8
|
|t:|1781497370
|move|p2a: Crescent|Calm Mind|p2a: Crescent
|-boost|p2a: Crescent|spa|1
|-boost|p2a: Crescent|spd|1
|move|p1a: Slowking|Sludge Bomb|p2a: Crescent
|-supereffective|p2a: Crescent
|-damage|p2a: Crescent|74/100
|-status|p2a: Crescent|psn
|
|-heal|p2a: Crescent|80/100 psn|[from] item: Leftovers
|-damage|p2a: Crescent|68/100 psn|[from] psn
|upkeep
|turn|9
|
|t:|1781497373
|move|p2a: Crescent|Lunar Blessing|p2a: Crescent
|-heal|p2a: Crescent|93/100 psn
|-curestatus|p2a: Crescent|psn|[msg]
|-prepare|p1a: Slowking|Chilly Reception|[premajor]
|move|p1a: Slowking|Chilly Reception|p1a: Slowking
|-weather|Snowscape
|
|t:|1781497381
|switch|p1a: Zamazenta|Zamazenta|100/100|[from] Chilly Reception
|-ability|p1a: Zamazenta|Dauntless Shield|boost
|-boost|p1a: Zamazenta|def|1
|
|-weather|Snowscape|[upkeep]
|-heal|p2a: Crescent|99/100|[from] item: Leftovers
|upkeep
|turn|10
|
|t:|1781497386
|-terastallize|p1a: Zamazenta|Steel
|move|p2a: Crescent|Moonblast|p1a: Zamazenta
|-resisted|p1a: Zamazenta
|-damage|p1a: Zamazenta|61/100
|-unboost|p1a: Zamazenta|spa|1
|move|p1a: Zamazenta|Roar|p2a: Crescent
|drag|p2a: Bullet|Glimmora, M, shiny|100/100
|
|-weather|Snowscape|[upkeep]
|-heal|p1a: Zamazenta|67/100|[from] item: Leftovers
|upkeep
|turn|11
|
|t:|1781497402
|move|p1a: Zamazenta|Body Press|p2a: Bullet
|-damage|p2a: Bullet|61/100
|-activate|p2a: Bullet|ability: Toxic Debris
|-sidestart|p1: fadingstrawberry|move: Toxic Spikes
|-enditem|p2a: Bullet|Red Card|[of] p1a: Zamazenta
|drag|p1a: Hoopa|Hoopa-Unbound|83/100
|-status|p1a: Hoopa|psn
|move|p2a: Bullet|Stealth Rock|p1a: Hoopa
|-sidestart|p1: fadingstrawberry|move: Stealth Rock
|
|-weather|Snowscape|[upkeep]
|-damage|p1a: Hoopa|71/100 psn|[from] psn
|upkeep
|turn|12
|
|t:|1781497410
|move|p1a: Hoopa|Zen Headbutt|p2a: Bullet
|-supereffective|p2a: Bullet
|-damage|p2a: Bullet|0 fnt
|-activate|p2a: Bullet|ability: Toxic Debris
|-sidestart|p1: fadingstrawberry|move: Toxic Spikes
|faint|p2a: Bullet
|
|-weather|Snowscape|[upkeep]
|-damage|p1a: Hoopa|59/100 psn|[from] psn
|upkeep
|
|t:|1781497412
|switch|p2a: Trojan|Zamazenta, shiny|77/100
|turn|13
|
|t:|1781497415
|move|p2a: Trojan|Reflect|p2a: Trojan
|-sidestart|p2: No1CelestiaKinnie|Reflect
|move|p1a: Hoopa|Zen Headbutt|p2a: Trojan
|-supereffective|p2a: Trojan
|-damage|p2a: Trojan|19/100
|
|-weather|none
|-damage|p1a: Hoopa|47/100 psn|[from] psn
|upkeep
|turn|14
|
|t:|1781497419
|move|p2a: Trojan|Light Screen|p2a: Trojan
|-sidestart|p2: No1CelestiaKinnie|move: Light Screen
|move|p1a: Hoopa|Zen Headbutt|p2a: Trojan
|-supereffective|p2a: Trojan
|-damage|p2a: Trojan|0 fnt
|faint|p2a: Trojan
|
|-damage|p1a: Hoopa|34/100 psn|[from] psn
|upkeep
|
|t:|1781497422
|switch|p2a: Crescent|Cresselia, F, shiny, tera:Fairy|99/100
|turn|15
|
|t:|1781497430
|switch|p1a: Pisces|Alomomola, F|100/100
|move|p2a: Crescent|Calm Mind|p2a: Crescent
|-boost|p2a: Crescent|spa|1
|-boost|p2a: Crescent|spd|1
|
|-heal|p2a: Crescent|100/100|[from] item: Leftovers
|upkeep
|turn|16
|
|t:|1781497433
|move|p2a: Crescent|Calm Mind|p2a: Crescent
|-boost|p2a: Crescent|spa|1
|-boost|p2a: Crescent|spd|1
|move|p1a: Pisces|Wish|p1a: Pisces
|
|upkeep
|turn|17
|
|t:|1781497436
|move|p2a: Crescent|Calm Mind|p2a: Crescent
|-boost|p2a: Crescent|spa|1
|-boost|p2a: Crescent|spd|1
|move|p1a: Pisces|Flip Turn|p2a: Crescent
|-damage|p2a: Crescent|94/100
|
|t:|1781497438
|switch|p1a: Zamazenta|Zamazenta, tera:Steel|67/100|[from] Flip Turn
|-damage|p1a: Zamazenta|61/100|[from] Stealth Rock
|
|-heal|p1a: Zamazenta|100/100|[from] move: Wish|[wisher] Pisces
|-heal|p2a: Crescent|100/100|[from] item: Leftovers
|-sideend|p2: No1CelestiaKinnie|Reflect
|upkeep
|turn|18
|
|t:|1781497440
|move|p2a: Crescent|Stored Power|p1a: Zamazenta
|-resisted|p1a: Zamazenta
|-damage|p1a: Zamazenta|39/100
|move|p1a: Zamazenta|Roar|p2a: Crescent
|drag|p2a: Alice|Ogerpon-Wellspring, F|100/100
|
|-heal|p1a: Zamazenta|45/100|[from] item: Leftovers
|-sideend|p2: No1CelestiaKinnie|move: Light Screen
|upkeep
|turn|19
|
|t:|1781497449
|move|p1a: Zamazenta|Iron Defense|p1a: Zamazenta
|-boost|p1a: Zamazenta|def|2
|move|p2a: Alice|Ivy Cudgel|p1a: Zamazenta|[anim] Ivy Cudgel Water
|-damage|p1a: Zamazenta|23/100
|
|-heal|p1a: Zamazenta|29/100|[from] item: Leftovers
|upkeep
|turn|20
|
|t:|1781497452
|switch|p2a: Byakko|Raging Bolt|100/100
|-enditem|p2a: Byakko|Booster Energy
|-activate|p2a: Byakko|ability: Protosynthesis|[fromitem]
|-start|p2a: Byakko|protosynthesisspa
|move|p1a: Zamazenta|Body Press|p2a: Byakko
|-damage|p2a: Byakko|39/100
|
|-heal|p1a: Zamazenta|35/100|[from] item: Leftovers
|upkeep
|turn|21
|
|t:|1781497457
|switch|p1a: Slowking|Slowking-Galar, F|100/100
|-sideend|p1: fadingstrawberry|move: Toxic Spikes|[of] p1a: Slowking
|move|p2a: Byakko|Thunderbolt|p1a: Slowking
|-damage|p1a: Slowking|60/100
|
|upkeep
|turn|22
|
|t:|1781497461
|move|p2a: Byakko|Calm Mind|p2a: Byakko
|-boost|p2a: Byakko|spa|1
|-boost|p2a: Byakko|spd|1
|-prepare|p1a: Slowking|Chilly Reception|[premajor]
|move|p1a: Slowking|Chilly Reception|p1a: Slowking
|-weather|Snowscape
|
|t:|1781497464
|switch|p1a: Great Tusk|Great Tusk|100/100|[from] Chilly Reception
|
|-weather|Snowscape|[upkeep]
|upkeep
|turn|23
|
|t:|1781497466
|move|p1a: Great Tusk|Ice Spinner|p2a: Byakko
|-supereffective|p2a: Byakko
|-damage|p2a: Byakko|0 fnt
|faint|p2a: Byakko
|-end|p2a: Byakko|Protosynthesis|[silent]
|
|-weather|Snowscape|[upkeep]
|upkeep
|
|t:|1781497468
|switch|p2a: Alice|Ogerpon-Wellspring, F|100/100
|turn|24
|
|t:|1781497474
|-end|p1a: Great Tusk|Protosynthesis|[silent]
|switch|p1a: Hoopa|Hoopa-Unbound|34/100 psn
|-damage|p1a: Hoopa|22/100 psn|[from] Stealth Rock
|move|p2a: Alice|Power Whip|p1a: Hoopa|[miss]
|-miss|p2a: Alice|p1a: Hoopa
|
|-weather|Snowscape|[upkeep]
|-damage|p1a: Hoopa|10/100 psn|[from] psn
|upkeep
|turn|25
|
|t:|1781497478
|move|p2a: Alice|Knock Off|p1a: Hoopa
|-damage|p1a: Hoopa|0 fnt
|-enditem|p1a: Hoopa|Choice Band|[from] move: Knock Off|[of] p2a: Alice
|faint|p1a: Hoopa
|
|-weather|Snowscape|[upkeep]
|upkeep
|
|t:|1781497498
|switch|p1a: Kingambit|Kingambit, F|100/100
|-damage|p1a: Kingambit|94/100|[from] Stealth Rock
|-activate|p1a: Kingambit|ability: Supreme Overlord
|-start|p1a: Kingambit|fallen1|[silent]
|turn|26
|
|t:|1781497502
|move|p2a: Alice|Taunt|p1a: Kingambit
|-start|p1a: Kingambit|move: Taunt
|cant|p1a: Kingambit|move: Taunt|Swords Dance
|
|-weather|none
|-heal|p1a: Kingambit|100/100|[from] item: Leftovers
|upkeep
|turn|27
|
|t:|1781497507
|switch|p2a: Overgod|Kingambit, M, shiny|100/100
|-activate|p2a: Overgod|ability: Supreme Overlord
|-start|p2a: Overgod|fallen3|[silent]
|move|p1a: Kingambit|Kowtow Cleave|p2a: Overgod
|-resisted|p2a: Overgod
|-damage|p2a: Overgod|82/100
|
|-heal|p2a: Overgod|88/100|[from] item: Leftovers
|upkeep
|turn|28
|
|t:|1781497515
|-end|p1a: Kingambit|fallen1|[silent]
|switch|p1a: Great Tusk|Great Tusk|100/100
|-end|p2a: Overgod|fallen3|[silent]
|switch|p2a: Alice|Ogerpon-Wellspring, F|100/100
|
|upkeep
|turn|29
|
|t:|1781497518
|-end|p1a: Great Tusk|Protosynthesis|[silent]
|switch|p1a: Kingambit|Kingambit, F|100/100
|-damage|p1a: Kingambit|94/100|[from] Stealth Rock
|-activate|p1a: Kingambit|ability: Supreme Overlord
|-start|p1a: Kingambit|fallen1|[silent]
|move|p2a: Alice|Power Whip|p1a: Kingambit
|-resisted|p1a: Kingambit
|-damage|p1a: Kingambit|69/100
|
|-heal|p1a: Kingambit|75/100|[from] item: Leftovers
|upkeep
|turn|30
|
|t:|1781497523
|move|p2a: Alice|Knock Off|p1a: Kingambit
|-resisted|p1a: Kingambit
|-crit|p1a: Kingambit
|-damage|p1a: Kingambit|52/100
|-enditem|p1a: Kingambit|Leftovers|[from] move: Knock Off|[of] p2a: Alice
|move|p1a: Kingambit|Kowtow Cleave|p2a: Alice
|-damage|p2a: Alice|32/100
|
|upkeep
|turn|31
|
|t:|1781497527
|move|p2a: Alice|Ivy Cudgel|p1a: Kingambit|[anim] Ivy Cudgel Water
|-damage|p1a: Kingambit|10/100
|move|p1a: Kingambit|Kowtow Cleave|p2a: Alice
|-damage|p2a: Alice|0 fnt
|faint|p2a: Alice
|
|upkeep
|
|t:|1781497534
|switch|p2a: Crescent|Cresselia, F, shiny, tera:Fairy|100/100
|turn|32
|
|t:|1781497536
|move|p2a: Crescent|Moonblast|p1a: Kingambit
|-damage|p1a: Kingambit|0 fnt
|faint|p1a: Kingambit
|-end|p1a: Kingambit|fallen1|[silent]
|
|upkeep
|
|t:|1781497538
|switch|p1a: Pisces|Alomomola, F|100/100
|turn|33
|
|t:|1781497550
|switch|p2a: Overgod|Kingambit, M, shiny|88/100
|-activate|p2a: Overgod|ability: Supreme Overlord
|-start|p2a: Overgod|fallen4|[silent]
|move|p1a: Pisces|Wish|p1a: Pisces
|
|-heal|p2a: Overgod|95/100|[from] item: Leftovers
|upkeep
|turn|34
|
|t:|1781497554
|move|p2a: Overgod|Swords Dance|p2a: Overgod
|-boost|p2a: Overgod|atk|2
|move|p1a: Pisces|Flip Turn|p2a: Overgod
|-damage|p2a: Overgod|82/100
|
|t:|1781497556
|switch|p1a: Zamazenta|Zamazenta, tera:Steel|35/100|[from] Flip Turn
|-damage|p1a: Zamazenta|29/100|[from] Stealth Rock
|
|-heal|p1a: Zamazenta|96/100|[from] move: Wish|[wisher] Pisces
|-heal|p1a: Zamazenta|100/100|[from] item: Leftovers
|-heal|p2a: Overgod|89/100|[from] item: Leftovers
|upkeep
|turn|35
|
|t:|1781497558
|move|p1a: Zamazenta|Body Press|p2a: Overgod
|-supereffective|p2a: Overgod
|-damage|p2a: Overgod|0 fnt
|faint|p2a: Overgod
|-end|p2a: Overgod|fallen4|[silent]
|
|upkeep
|
|t:|1781497560
|switch|p2a: Crescent|Cresselia, F, shiny, tera:Fairy|100/100
|turn|36
|
|t:|1781497568
|move|p1a: Zamazenta|Iron Defense|p1a: Zamazenta
|-boost|p1a: Zamazenta|def|2
|move|p2a: Crescent|Calm Mind|p2a: Crescent
|-boost|p2a: Crescent|spa|1
|-boost|p2a: Crescent|spd|1
|
|upkeep
|turn|37
|
|t:|1781497570
|move|p1a: Zamazenta|Iron Defense|p1a: Zamazenta
|-boost|p1a: Zamazenta|def|2
|move|p2a: Crescent|Calm Mind|p2a: Crescent
|-boost|p2a: Crescent|spa|1
|-boost|p2a: Crescent|spd|1
|
|upkeep
|turn|38
|
|t:|1781497572
|move|p1a: Zamazenta|Iron Defense|p1a: Zamazenta
|-boost|p1a: Zamazenta|def|2
|move|p2a: Crescent|Calm Mind|p2a: Crescent
|-boost|p2a: Crescent|spa|1
|-boost|p2a: Crescent|spd|1
|
|upkeep
|turn|39
|
|t:|1781497576
|move|p1a: Zamazenta|Body Press|p2a: Crescent
|-resisted|p2a: Crescent
|-damage|p2a: Crescent|42/100
|move|p2a: Crescent|Stored Power|p1a: Zamazenta
|-resisted|p1a: Zamazenta
|-damage|p1a: Zamazenta|45/100
|
|-heal|p1a: Zamazenta|51/100|[from] item: Leftovers
|-heal|p2a: Crescent|48/100|[from] item: Leftovers
|upkeep
|turn|40
|
|t:|1781497579
|move|p1a: Zamazenta|Body Press|p2a: Crescent
|-resisted|p2a: Crescent
|-damage|p2a: Crescent|0 fnt
|faint|p2a: Crescent
|
|win|fadingstrawberry
|raw|fadingstrawberry's rating: 1490 &rarr; <strong>1514</strong><br />(+24 for winning)
|raw|No1CelestiaKinnie's rating: 1561 &rarr; <strong>1537</strong><br />(-24 for losing)
|l|☆No1CelestiaKinnie
|player|p2|
