|j|☆rizz of reko
|j|☆Elite Four Ozzy
|t:|1781036187
|gametype|singles
|player|p1|rizz of reko|cheren-gen5bw2|1498
|player|p2|Elite Four Ozzy|102|1550
|gen|9
|tier|[Gen 9] OU
|rated|
|rule|HP Percentage Mod: HP is shown in percentages
|rule|Endless Battle Clause: Forcing endless battles is banned
|rule|Species Clause: Limit one of each Pokémon
|rule|OHKO Clause: OHKO moves are banned
|rule|Evasion Items Clause: Evasion items are banned
|rule|Evasion Moves Clause: Evasion moves are banned
|rule|Evasion Abilities Clause: Evasion abilities are banned
|rule|Sleep Moves Clause: Sleep-inducing moves are banned
|clearpoke
|poke|p1|Great Tusk|
|poke|p1|Dragonite, M|
|poke|p1|Darkrai|
|poke|p1|Pecharunt|
|poke|p1|Tornadus-Therian, M|
|poke|p1|Cinderace, M|
|poke|p2|Ninetales, M|
|poke|p2|Cresselia, F|
|poke|p2|Raging Bolt|
|poke|p2|Iron Moth|
|poke|p2|Great Tusk|
|poke|p2|Walking Wake|
|teampreview
|inactive|Battle timer is ON: inactive players will automatically lose when time's up. (requested by Elite Four Ozzy)
|
|t:|1781036209
|teamsize|p1|6
|teamsize|p2|6
|start
|switch|p1a: Darkrai|Darkrai, shiny|100/100
|switch|p2a: Ninetales|Ninetales, M|100/100
|-weather|SunnyDay|[from] ability: Drought|[of] p2a: Ninetales
|turn|1
|inactive|Elite Four Ozzy has 120 seconds left.
|
|t:|1781036248
|move|p1a: Darkrai|Dark Pulse|p2a: Ninetales
|-damage|p2a: Ninetales|58/100
|move|p2a: Ninetales|Overheat|p1a: Darkrai
|-damage|p1a: Darkrai|26/100
|-unboost|p2a: Ninetales|spa|2
|
|-weather|SunnyDay|[upkeep]
|upkeep
|turn|2
|inactive|Elite Four Ozzy has 120 seconds left.
|
|t:|1781036254
|switch|p2a: Raging Bolt|Raging Bolt|100/100
|-activate|p2a: Raging Bolt|ability: Protosynthesis
|-start|p2a: Raging Bolt|protosynthesisspa
|move|p1a: Darkrai|Dark Pulse|p2a: Raging Bolt
|-damage|p2a: Raging Bolt|60/100
|
|-weather|SunnyDay|[upkeep]
|upkeep
|turn|3
|inactive|rizz of reko has 120 seconds left.
|
|t:|1781036286
|move|p1a: Darkrai|Dark Pulse|p2a: Raging Bolt
|-damage|p2a: Raging Bolt|22/100
|move|p2a: Raging Bolt|Dragon Pulse|p1a: Darkrai
|-damage|p1a: Darkrai|0 fnt
|faint|p1a: Darkrai
|-damage|p2a: Raging Bolt|12/100|[from] item: Life Orb
|
|-weather|SunnyDay|[upkeep]
|upkeep
|inactive|rizz of reko has 120 seconds left.
|
|t:|1781036296
|switch|p1a: Cinderace|Cinderace, M, shiny|100/100
|turn|4
|inactive|rizz of reko has 120 seconds left.
|
|t:|1781036318
|move|p2a: Raging Bolt|Thunderclap|p1a: Cinderace
|-damage|p1a: Cinderace|10/100
|-damage|p2a: Raging Bolt|2/100|[from] item: Life Orb
|move|p1a: Cinderace|Pyro Ball|p2a: Raging Bolt
|-resisted|p2a: Raging Bolt
|-damage|p2a: Raging Bolt|0 fnt
|faint|p2a: Raging Bolt
|-end|p2a: Raging Bolt|Protosynthesis|[silent]
|
|-weather|SunnyDay|[upkeep]
|upkeep
|inactive|Elite Four Ozzy has 120 seconds left.
|
|t:|1781036350
|switch|p2a: Walking Wake|Walking Wake|100/100
|-activate|p2a: Walking Wake|ability: Protosynthesis
|-start|p2a: Walking Wake|protosynthesisspa
|turn|5
|inactive|rizz of reko has 120 seconds left.
|
|t:|1781036374
|move|p1a: Cinderace|Will-O-Wisp|p2a: Walking Wake
|-status|p2a: Walking Wake|brn
|move|p2a: Walking Wake|Dragon Pulse|p1a: Cinderace
|-damage|p1a: Cinderace|0 fnt
|faint|p1a: Cinderace
|
|-weather|SunnyDay|[upkeep]
|-damage|p2a: Walking Wake|94/100 brn|[from] brn
|upkeep
|inactive|rizz of reko has 120 seconds left.
|
|t:|1781036397
|switch|p1a: Tornadus|Tornadus-Therian, M|100/100
|turn|6
|
|t:|1781036407
|move|p1a: Tornadus|Bleakwind Storm|p2a: Walking Wake
|-crit|p2a: Walking Wake
|-damage|p2a: Walking Wake|21/100 brn
|-unboost|p2a: Walking Wake|spe|1
|move|p2a: Walking Wake|Dragon Pulse|p1a: Tornadus
|-damage|p1a: Tornadus|0 fnt
|faint|p1a: Tornadus
|
|-weather|SunnyDay|[upkeep]
|-damage|p2a: Walking Wake|15/100 brn|[from] brn
|upkeep
|
|t:|1781036412
|switch|p1a: Dragonite|Dragonite, M, shiny|100/100
|turn|7
|
|t:|1781036420
|-end|p2a: Walking Wake|Protosynthesis|[silent]
|switch|p2a: Cresselia|Cresselia, F|100/100
|move|p1a: Dragonite|Dragon Dance|p1a: Dragonite
|-boost|p1a: Dragonite|atk|1
|-boost|p1a: Dragonite|spe|1
|
|-weather|SunnyDay|[upkeep]
|upkeep
|turn|8
|
|t:|1781036429
|move|p1a: Dragonite|Dragon Dance|p1a: Dragonite
|-boost|p1a: Dragonite|atk|1
|-boost|p1a: Dragonite|spe|1
|move|p2a: Cresselia|Thunder Wave|p1a: Dragonite|[miss]
|-miss|p2a: Cresselia|p1a: Dragonite
|
|-weather|none
|upkeep
|turn|9
|
|t:|1781036438
|switch|p2a: Great Tusk|Great Tusk|100/100
|move|p1a: Dragonite|Dragon Dance|p1a: Dragonite
|-boost|p1a: Dragonite|atk|1
|-boost|p1a: Dragonite|spe|1
|
|upkeep
|turn|10
|
|t:|1781036452
|move|p1a: Dragonite|Earthquake|p2a: Great Tusk
|-damage|p2a: Great Tusk|39/100
|move|p2a: Great Tusk|Head Smash|p1a: Dragonite
|-supereffective|p1a: Dragonite
|-damage|p1a: Dragonite|55/100
|-damage|p2a: Great Tusk|21/100|[from] Recoil
|
|-heal|p1a: Dragonite|61/100|[from] item: Leftovers
|upkeep
|turn|11
|
|t:|1781036465
|-end|p2a: Great Tusk|Protosynthesis|[silent]
|switch|p2a: Cresselia|Cresselia, F|100/100
|move|p1a: Dragonite|Earthquake|p2a: Cresselia
|-immune|p2a: Cresselia|[from] ability: Levitate
|
|-heal|p1a: Dragonite|67/100|[from] item: Leftovers
|upkeep
|turn|12
|
|t:|1781036476
|-terastallize|p1a: Dragonite|Normal
|move|p1a: Dragonite|Extreme Speed|p2a: Cresselia
|-damage|p2a: Cresselia|40/100
|-enditem|p2a: Cresselia|Eject Button
|
|t:|1781036489
|switch|p2a: Great Tusk|Great Tusk|21/100
|
|-heal|p1a: Dragonite|74/100|[from] item: Leftovers
|upkeep
|turn|13
|
|t:|1781036501
|move|p1a: Dragonite|Earthquake|p2a: Great Tusk
|-damage|p2a: Great Tusk|0 fnt
|faint|p2a: Great Tusk
|-end|p2a: Great Tusk|Protosynthesis|[silent]
|
|-heal|p1a: Dragonite|80/100|[from] item: Leftovers
|upkeep
|
|t:|1781036507
|switch|p2a: Cresselia|Cresselia, F|40/100
|turn|14
|
|t:|1781036519
|-terastallize|p2a: Cresselia|Steel
|move|p1a: Dragonite|Extreme Speed|p2a: Cresselia
|-resisted|p2a: Cresselia
|-damage|p2a: Cresselia|12/100
|move|p2a: Cresselia|Thunder Wave|p1a: Dragonite
|-status|p1a: Dragonite|par
|
|-heal|p1a: Dragonite|86/100 par|[from] item: Leftovers
|upkeep
|turn|15
|
|t:|1781036533
|cant|p1a: Dragonite|par
|move|p2a: Cresselia|Lunar Dance|p2a: Cresselia
|faint|p2a: Cresselia
|
|-heal|p1a: Dragonite|92/100 par|[from] item: Leftovers
|upkeep
|
|t:|1781036538
|switch|p2a: Walking Wake|Walking Wake|15/100 brn
|-heal|p2a: Walking Wake|100/100|[from] move: Lunar Dance
|turn|16
|
|t:|1781036546
|cant|p1a: Dragonite|par
|move|p2a: Walking Wake|Draco Meteor|p1a: Dragonite
|-damage|p1a: Dragonite|0 fnt
|-unboost|p2a: Walking Wake|spa|2
|faint|p1a: Dragonite
|
|upkeep
|
|t:|1781036554
|switch|p1a: Great Tusk|Great Tusk, shiny|100/100
|-enditem|p1a: Great Tusk|Booster Energy
|-activate|p1a: Great Tusk|ability: Protosynthesis|[fromitem]
|-start|p1a: Great Tusk|protosynthesisatk
|turn|17
|
|t:|1781036572
|move|p2a: Walking Wake|Draco Meteor|p1a: Great Tusk
|-damage|p1a: Great Tusk|31/100
|-unboost|p2a: Walking Wake|spa|2
|move|p1a: Great Tusk|Rapid Spin|p2a: Walking Wake
|-damage|p2a: Walking Wake|75/100
|-boost|p1a: Great Tusk|spe|1
|
|upkeep
|turn|18
|
|t:|1781036593
|-end|p2a: Walking Wake|Protosynthesis|[silent]
|switch|p2a: Ninetales|Ninetales, M|58/100
|-weather|SunnyDay|[from] ability: Drought|[of] p2a: Ninetales
|move|p1a: Great Tusk|Rapid Spin|p2a: Ninetales
|-damage|p2a: Ninetales|29/100
|-boost|p1a: Great Tusk|spe|1
|
|-weather|SunnyDay|[upkeep]
|upkeep
|turn|19
|
|t:|1781036603
|move|p1a: Great Tusk|Rapid Spin|p2a: Ninetales
|-damage|p2a: Ninetales|0 fnt
|-boost|p1a: Great Tusk|spe|1
|faint|p2a: Ninetales
|
|-weather|SunnyDay|[upkeep]
|upkeep
|
|t:|1781036606
|switch|p2a: Iron Moth|Iron Moth|100/100
|-enditem|p2a: Iron Moth|Booster Energy
|-activate|p2a: Iron Moth|ability: Quark Drive|[fromitem]
|-start|p2a: Iron Moth|quarkdrivespe
|turn|20
|
|t:|1781036611
|move|p1a: Great Tusk|Headlong Rush|p2a: Iron Moth
|-supereffective|p2a: Iron Moth
|-damage|p2a: Iron Moth|0 fnt
|-unboost|p1a: Great Tusk|def|1
|-unboost|p1a: Great Tusk|spd|1
|faint|p2a: Iron Moth
|-end|p2a: Iron Moth|Quark Drive|[silent]
|
|-weather|SunnyDay|[upkeep]
|upkeep
|
|t:|1781036614
|switch|p2a: Walking Wake|Walking Wake|75/100
|-activate|p2a: Walking Wake|ability: Protosynthesis
|-start|p2a: Walking Wake|protosynthesisspa
|turn|21
|
|t:|1781036622
|move|p1a: Great Tusk|Headlong Rush|p2a: Walking Wake
|-damage|p2a: Walking Wake|0 fnt
|-unboost|p1a: Great Tusk|def|1
|-unboost|p1a: Great Tusk|spd|1
|faint|p2a: Walking Wake
|-end|p2a: Walking Wake|Protosynthesis|[silent]
|
|win|rizz of reko
|raw|rizz of reko's rating: 1498 &rarr; <strong>1521</strong><br />(+23 for winning)
|raw|Elite Four Ozzy's rating: 1550 &rarr; <strong>1527</strong><br />(-23 for losing)
|l|☆Elite Four Ozzy
|player|p2|
