|j|☆XianTwa
|j|☆KurisuChestnutLab
|t:|1781172157
|gametype|singles
|player|p1|XianTwa|dawn|1609
|player|p2|KurisuChestnutLab|may-contest|1573
|gen|9
|tier|[Gen 9] OU
|rated|
|rule|HP Percentage Mod: HP is shown in percentages
|rule|Endless Battle Clause: Forcing endless battles is banned
|rule|Species Clause: Limit one of each Pokémon
|rule|OHKO Clause: OHKO moves are banned
|rule|Evasion Items Clause: Evasion items are banned
|rule|Evasion Moves Clause: Evasion moves are banned
|rule|Evasion Abilities Clause: Evasion abilities are banned
|rule|Sleep Moves Clause: Sleep-inducing moves are banned
|clearpoke
|poke|p1|Araquanid, M|
|poke|p1|Enamorus, F|
|poke|p1|Great Tusk|
|poke|p1|Gholdengo|
|poke|p1|Iron Moth|
|poke|p1|Quaquaval, M|
|poke|p2|Primarina, M|
|poke|p2|Hippowdon, F|
|poke|p2|Skarmory, F|
|poke|p2|Zapdos|
|poke|p2|Dragonite, F|
|poke|p2|Slowking, F|
|teampreview
|inactive|Battle timer is ON: inactive players will automatically lose when time's up. (requested by XianTwa)
|inactive|KurisuChestnutLab also wants the timer to be on.
|
|t:|1781172175
|teamsize|p1|6
|teamsize|p2|6
|start
|switch|p1a: Quaquaval|Quaquaval, M|100/100
|switch|p2a: Primarina|Primarina, M|100/100
|turn|1
|
|t:|1781172180
|move|p1a: Quaquaval|Wave Crash|p2a: Primarina
|-resisted|p2a: Primarina
|-damage|p2a: Primarina|63/100
|-damage|p1a: Quaquaval|86/100|[from] Recoil
|move|p2a: Primarina|Moonblast|p1a: Quaquaval
|-supereffective|p1a: Quaquaval
|-damage|p1a: Quaquaval|0 fnt
|faint|p1a: Quaquaval
|
|upkeep
|
|t:|1781172187
|switch|p1a: Araquanid|Araquanid, M|100/100
|turn|2
|
|t:|1781172197
|move|p2a: Primarina|Moonblast|p1a: Araquanid
|-crit|p1a: Araquanid
|-damage|p1a: Araquanid|39/100
|move|p1a: Araquanid|Sticky Web|p2a: Primarina
|-sidestart|p2: KurisuChestnutLab|move: Sticky Web
|
|upkeep
|turn|3
|
|t:|1781172202
|move|p1a: Araquanid|Endure|p1a: Araquanid
|-singleturn|p1a: Araquanid|move: Endure
|move|p2a: Primarina|Moonblast|p1a: Araquanid
|-activate|p1a: Araquanid|move: Endure
|-damage|p1a: Araquanid|1/100
|
|upkeep
|turn|4
|-enditem|p1a: Araquanid|Custap Berry|[eat]
|-activate|p1a: Araquanid|item: Custap Berry|[consumed]
|
|t:|1781172210
|switch|p2a: Dragonite|Dragonite, F|100/100
|move|p1a: Araquanid|Endeavor|p2a: Dragonite
|-damage|p2a: Dragonite|1/100
|
|upkeep
|turn|5
|
|t:|1781172216
|move|p2a: Dragonite|Roost|p2a: Dragonite
|-heal|p2a: Dragonite|51/100
|-singleturn|p2a: Dragonite|move: Roost
|move|p1a: Araquanid|Surf|p2a: Dragonite
|-resisted|p2a: Dragonite
|-damage|p2a: Dragonite|20/100
|
|upkeep
|turn|6
|
|t:|1781172219
|switch|p2a: Zapdos|Zapdos|100/100
|move|p1a: Araquanid|Endeavor|p2a: Zapdos
|-damage|p2a: Zapdos|1/100
|
|upkeep
|turn|7
|
|t:|1781172226
|move|p2a: Zapdos|Volt Switch|p1a: Araquanid
|-supereffective|p1a: Araquanid
|-damage|p1a: Araquanid|0 fnt
|faint|p1a: Araquanid
|
|t:|1781172233
|switch|p2a: Primarina|Primarina, M|63/100|[from] Volt Switch
|-activate|p2a: Primarina|move: Sticky Web
|-unboost|p2a: Primarina|spe|1
|
|upkeep
|
|t:|1781172237
|switch|p1a: Iron Moth|Iron Moth|100/100
|-enditem|p1a: Iron Moth|Booster Energy
|-activate|p1a: Iron Moth|ability: Quark Drive|[fromitem]
|-start|p1a: Iron Moth|quarkdrivespa
|turn|8
|
|t:|1781172243
|move|p1a: Iron Moth|Sludge Wave|p2a: Primarina
|-supereffective|p2a: Primarina
|-crit|p2a: Primarina
|-damage|p2a: Primarina|0 fnt
|faint|p2a: Primarina
|
|upkeep
|
|t:|1781172249
|switch|p2a: Slowking|Slowking, F|100/100
|turn|9
|
|t:|1781172255
|-terastallize|p1a: Iron Moth|Grass
|move|p1a: Iron Moth|Energy Ball|p2a: Slowking
|-supereffective|p2a: Slowking
|-damage|p2a: Slowking|29/100
|move|p2a: Slowking|Scald|p1a: Iron Moth
|-resisted|p1a: Iron Moth
|-damage|p1a: Iron Moth|86/100
|
|upkeep
|turn|10
|
|t:|1781172263
|switch|p2a: Zapdos|Zapdos|1/100
|move|p1a: Iron Moth|Energy Ball|p2a: Zapdos
|-resisted|p2a: Zapdos
|-damage|p2a: Zapdos|0 fnt
|faint|p2a: Zapdos
|
|upkeep
|
|t:|1781172267
|switch|p2a: Slowking|Slowking, F|62/100
|turn|11
|
|t:|1781172271
|switch|p2a: Dragonite|Dragonite, F|20/100
|move|p1a: Iron Moth|Energy Ball|p2a: Dragonite
|-resisted|p2a: Dragonite
|-damage|p2a: Dragonite|3/100
|
|upkeep
|turn|12
|
|t:|1781172276
|-terastallize|p2a: Dragonite|Normal
|move|p2a: Dragonite|Extreme Speed|p1a: Iron Moth
|-damage|p1a: Iron Moth|0 fnt
|faint|p1a: Iron Moth
|-end|p1a: Iron Moth|Quark Drive|[silent]
|
|upkeep
|
|t:|1781172292
|switch|p1a: Gholdengo|Gholdengo|100/100
|-item|p1a: Gholdengo|Air Balloon
|turn|13
|
|t:|1781172296
|move|p1a: Gholdengo|Nasty Plot|p1a: Gholdengo
|-boost|p1a: Gholdengo|spa|2
|move|p2a: Dragonite|Roost|p2a: Dragonite
|-heal|p2a: Dragonite|53/100
|
|upkeep
|turn|14
|
|t:|1781172300
|switch|p2a: Slowking|Slowking, F|95/100
|move|p1a: Gholdengo|Make It Rain|p2a: Slowking
|-resisted|p2a: Slowking
|-damage|p2a: Slowking|54/100
|-unboost|p1a: Gholdengo|spa|1
|
|upkeep
|turn|15
|
|t:|1781172304
|move|p1a: Gholdengo|Shadow Ball|p2a: Slowking
|-supereffective|p2a: Slowking
|-damage|p2a: Slowking|0 fnt
|faint|p2a: Slowking
|
|upkeep
|
|t:|1781172308
|switch|p2a: Skarmory|Skarmory, F|100/100
|turn|16
|
|t:|1781172316
|move|p1a: Gholdengo|Shadow Ball|p2a: Skarmory
|-damage|p2a: Skarmory|2/100
|move|p2a: Skarmory|Iron Head|p1a: Gholdengo
|-resisted|p1a: Gholdengo
|-crit|p1a: Gholdengo
|-damage|p1a: Gholdengo|81/100
|-enditem|p1a: Gholdengo|Air Balloon
|
|-heal|p2a: Skarmory|8/100|[from] item: Leftovers
|upkeep
|turn|17
|
|t:|1781172323
|switch|p2a: Dragonite|Dragonite, F, tera:Normal|53/100
|move|p1a: Gholdengo|Nasty Plot|p1a: Gholdengo
|-boost|p1a: Gholdengo|spa|2
|
|upkeep
|turn|18
|
|t:|1781172328
|switch|p2a: Skarmory|Skarmory, F|8/100
|move|p1a: Gholdengo|Make It Rain|p2a: Skarmory
|-resisted|p2a: Skarmory
|-damage|p2a: Skarmory|0 fnt
|-unboost|p1a: Gholdengo|spa|1
|faint|p2a: Skarmory
|
|upkeep
|
|t:|1781172335
|switch|p2a: Dragonite|Dragonite, F, tera:Normal|53/100
|turn|19
|
|t:|1781172338
|switch|p2a: Hippowdon|Hippowdon, F|100/100
|-activate|p2a: Hippowdon|move: Sticky Web
|-unboost|p2a: Hippowdon|spe|1
|-weather|Sandstorm|[from] ability: Sand Stream|[of] p2a: Hippowdon
|move|p1a: Gholdengo|Make It Rain|p2a: Hippowdon
|-damage|p2a: Hippowdon|0 fnt
|-unboost|p1a: Gholdengo|spa|1
|faint|p2a: Hippowdon
|
|-weather|Sandstorm|[upkeep]
|upkeep
|
|t:|1781172341
|switch|p2a: Dragonite|Dragonite, F, tera:Normal|53/100
|turn|20
|
|t:|1781172346
|move|p1a: Gholdengo|Make It Rain|p2a: Dragonite
|-damage|p2a: Dragonite|0 fnt
|-unboost|p1a: Gholdengo|spa|1
|faint|p2a: Dragonite
|
|win|XianTwa
|raw|XianTwa's rating: 1609 &rarr; <strong>1626</strong><br />(+17 for winning)
|raw|KurisuChestnutLab's rating: 1561 &rarr; <strong>1544</strong><br />(-17 for losing)
|l|☆KurisuChestnutLab
|player|p2|
|j| GavilarKholin
|l|☆XianTwa
|player|p1|
|l| GavilarKholin
