|j|☆zwardo2000
|j|☆erjuanzas
|t:|1781532950
|gametype|singles
|player|p1|zwardo2000|265|1648
|player|p2|erjuanzas|linebacker|1699
|gen|9
|tier|[Gen 9] OU
|rated|
|rule|HP Percentage Mod: HP is shown in percentages
|rule|Endless Battle Clause: Forcing endless battles is banned
|rule|Species Clause: Limit one of each Pokémon
|rule|OHKO Clause: OHKO moves are banned
|rule|Evasion Items Clause: Evasion items are banned
|rule|Evasion Moves Clause: Evasion moves are banned
|rule|Evasion Abilities Clause: Evasion abilities are banned
|rule|Sleep Moves Clause: Sleep-inducing moves are banned
|clearpoke
|poke|p1|Kyurem|
|poke|p1|Hatterene, F|
|poke|p1|Darkrai|
|poke|p1|Great Tusk|
|poke|p1|Dragonite, F|
|poke|p1|Gholdengo|
|poke|p2|Pelipper, M|
|poke|p2|Overqwil, M|
|poke|p2|Barraskewda, M|
|poke|p2|Raging Bolt|
|poke|p2|Iron Treads|
|poke|p2|Kingambit, M|
|teampreview
|j| newhere1310
|inactive|Battle timer is ON: inactive players will automatically lose when time's up. (requested by zwardo2000)
|j| cachowcapow
|
|t:|1781532974
|teamsize|p1|6
|teamsize|p2|6
|start
|switch|p1a: Gholdengo|Gholdengo|100/100
|switch|p2a: Bolita|Iron Treads, shiny|100/100
|-enditem|p2a: Bolita|Booster Energy
|-activate|p2a: Bolita|ability: Quark Drive|[fromitem]
|-start|p2a: Bolita|quarkdrivespe
|turn|1
|j| TheSacredJackal⨕
|l| TheSacredJackal⨕
|
|t:|1781532992
|switch|p1a: Great Tusk|Great Tusk|100/100
|move|p2a: Bolita|Stealth Rock|p1a: Great Tusk
|-sidestart|p1: zwardo2000|move: Stealth Rock
|
|upkeep
|turn|2
|
|t:|1781532997
|-end|p2a: Bolita|Quark Drive|[silent]
|switch|p2a: Pelipas|Pelipper, M, shiny|100/100
|-weather|RainDance|[from] ability: Drizzle|[of] p2a: Pelipas
|move|p1a: Great Tusk|Rapid Spin|p2a: Pelipas
|-damage|p2a: Pelipas|90/100
|-boost|p1a: Great Tusk|spe|1
|-sideend|p1: zwardo2000|Stealth Rock|[from] move: Rapid Spin|[of] p1a: Great Tusk
|
|-weather|RainDance|[upkeep]
|upkeep
|turn|3
|
|t:|1781533013
|-end|p1a: Great Tusk|Protosynthesis|[silent]
|switch|p1a: Gholdengo|Gholdengo|100/100
|move|p2a: Pelipas|U-turn|p1a: Gholdengo
|-resisted|p1a: Gholdengo
|-damage|p1a: Gholdengo|98/100
|
|t:|1781533018
|switch|p2a: La Cabra|Barraskewda, M|100/100|[from] U-turn
|
|-weather|RainDance|[upkeep]
|upkeep
|turn|4
|inactive|zwardo2000 has 120 seconds left.
|
|t:|1781533061
|switch|p1a: Hatterene|Hatterene, F|100/100
|-terastallize|p2a: La Cabra|Water
|move|p2a: La Cabra|Liquidation|p1a: Hatterene
|-damage|p1a: Hatterene|0 fnt
|-damage|p2a: La Cabra|84/100|[from] item: Rocky Helmet|[of] p1a: Hatterene
|faint|p1a: Hatterene
|
|-weather|RainDance|[upkeep]
|upkeep
|
|t:|1781533068
|switch|p1a: Kyurem|Kyurem|100/100
|-ability|p1a: Kyurem|Pressure
|turn|5
|
|t:|1781533070
|switch|p2a: El rey|Kingambit, M|100/100
|move|p1a: Kyurem|Freeze-Dry|p2a: El rey
|-resisted|p2a: El rey
|-damage|p2a: El rey|83/100
|
|-weather|RainDance|[upkeep]
|-heal|p2a: El rey|90/100|[from] item: Leftovers
|upkeep
|turn|6
|
|t:|1781533075
|switch|p1a: Great Tusk|Great Tusk|100/100
|move|p2a: El rey|Iron Head|p1a: Great Tusk
|-damage|p1a: Great Tusk|75/100
|
|-weather|RainDance|[upkeep]
|-heal|p1a: Great Tusk|81/100|[from] item: Leftovers
|-heal|p2a: El rey|96/100|[from] item: Leftovers
|upkeep
|turn|7
|
|t:|1781533083
|-end|p2a: El rey|fallenundefined|[silent]
|switch|p2a: Pelipas|Pelipper, M, shiny|90/100
|move|p1a: Great Tusk|Stealth Rock|p2a: Pelipas
|-sidestart|p2: erjuanzas|move: Stealth Rock
|
|-weather|RainDance|[upkeep]
|-heal|p1a: Great Tusk|87/100|[from] item: Leftovers
|upkeep
|turn|8
|l| cachowcapow
|
|t:|1781533090
|-end|p1a: Great Tusk|Protosynthesis|[silent]
|switch|p1a: Gholdengo|Gholdengo|98/100
|move|p2a: Pelipas|Weather Ball|p1a: Gholdengo
|-damage|p1a: Gholdengo|49/100
|
|-weather|RainDance|[upkeep]
|upkeep
|turn|9
|
|t:|1781533099
|switch|p2a: El rey|Kingambit, M|96/100
|-damage|p2a: El rey|90/100|[from] Stealth Rock
|move|p1a: Gholdengo|Thunderbolt|p2a: El rey
|-damage|p2a: El rey|57/100
|
|-weather|none
|-heal|p2a: El rey|63/100|[from] item: Leftovers
|upkeep
|turn|10
|
|t:|1781533105
|switch|p1a: Great Tusk|Great Tusk|87/100
|move|p2a: El rey|Kowtow Cleave|p1a: Great Tusk
|-resisted|p1a: Great Tusk
|-damage|p1a: Great Tusk|74/100
|
|-heal|p1a: Great Tusk|80/100|[from] item: Leftovers
|-heal|p2a: El rey|70/100|[from] item: Leftovers
|upkeep
|turn|11
|
|t:|1781533109
|move|p1a: Great Tusk|Rapid Spin|p2a: El rey
|-resisted|p2a: El rey
|-damage|p2a: El rey|64/100
|-boost|p1a: Great Tusk|spe|1
|move|p2a: El rey|Iron Head|p1a: Great Tusk
|-damage|p1a: Great Tusk|54/100
|
|-heal|p1a: Great Tusk|60/100|[from] item: Leftovers
|-heal|p2a: El rey|70/100|[from] item: Leftovers
|upkeep
|turn|12
|
|t:|1781533117
|move|p1a: Great Tusk|Headlong Rush|p2a: El rey
|-supereffective|p2a: El rey
|-damage|p2a: El rey|0 fnt
|-unboost|p1a: Great Tusk|def|1
|-unboost|p1a: Great Tusk|spd|1
|faint|p2a: El rey
|-end|p2a: El rey|fallenundefined|[silent]
|
|-heal|p1a: Great Tusk|66/100|[from] item: Leftovers
|upkeep
|
|t:|1781533121
|switch|p2a: Pelipas|Pelipper, M, shiny|90/100
|-damage|p2a: Pelipas|65/100|[from] Stealth Rock
|-weather|RainDance|[from] ability: Drizzle|[of] p2a: Pelipas
|turn|13
|
|t:|1781533125
|move|p1a: Great Tusk|Ice Spinner|p2a: Pelipas
|-damage|p2a: Pelipas|48/100
|move|p2a: Pelipas|Weather Ball|p1a: Great Tusk
|-supereffective|p1a: Great Tusk
|-damage|p1a: Great Tusk|0 fnt
|faint|p1a: Great Tusk
|-end|p1a: Great Tusk|Protosynthesis|[silent]
|
|-weather|RainDance|[upkeep]
|upkeep
|
|t:|1781533132
|switch|p1a: Kyurem|Kyurem|100/100
|-ability|p1a: Kyurem|Pressure
|turn|14
|
|t:|1781533139
|switch|p2a: Bolita|Iron Treads, shiny|100/100
|-damage|p2a: Bolita|97/100|[from] Stealth Rock
|move|p1a: Kyurem|Freeze-Dry|p2a: Bolita
|-damage|p2a: Bolita|47/100
|
|-weather|RainDance|[upkeep]
|upkeep
|turn|15
|
|t:|1781533156
|switch|p1a: Gholdengo|Gholdengo|49/100
|move|p2a: Bolita|Rapid Spin|p1a: Gholdengo
|-immune|p1a: Gholdengo
|
|-weather|RainDance|[upkeep]
|upkeep
|turn|16
|
|t:|1781533167
|move|p2a: Bolita|Stealth Rock|p1a: Gholdengo
|-sidestart|p1: zwardo2000|move: Stealth Rock
|move|p1a: Gholdengo|Make It Rain|p2a: Bolita
|-resisted|p2a: Bolita
|-damage|p2a: Bolita|0 fnt
|-unboost|p1a: Gholdengo|spa|1
|faint|p2a: Bolita
|-end|p2a: Bolita|Quark Drive|[silent]
|
|-weather|RainDance|[upkeep]
|upkeep
|
|t:|1781533173
|switch|p2a: La Cabra|Barraskewda, M, tera:Water|84/100
|-damage|p2a: La Cabra|71/100|[from] Stealth Rock
|turn|17
|
|t:|1781533175
|move|p2a: La Cabra|Flip Turn|p1a: Gholdengo
|-damage|p1a: Gholdengo|0 fnt
|faint|p1a: Gholdengo
|
|t:|1781533179
|switch|p2a: Electrons|Raging Bolt|100/100|[from] Flip Turn
|-damage|p2a: Electrons|88/100|[from] Stealth Rock
|-enditem|p2a: Electrons|Booster Energy
|-activate|p2a: Electrons|ability: Protosynthesis|[fromitem]
|-start|p2a: Electrons|protosynthesisspa
|
|-weather|RainDance|[upkeep]
|upkeep
|
|t:|1781533187
|switch|p1a: Darkrai|Darkrai|100/100
|-damage|p1a: Darkrai|88/100|[from] Stealth Rock
|turn|18
|
|t:|1781533192
|move|p1a: Darkrai|Ice Beam|p2a: Electrons
|-supereffective|p2a: Electrons
|-damage|p2a: Electrons|35/100
|move|p2a: Electrons|Thunder|p1a: Darkrai
|-damage|p1a: Darkrai|0 fnt
|faint|p1a: Darkrai
|
|-weather|RainDance|[upkeep]
|upkeep
|
|t:|1781533200
|switch|p1a: Dragonite|Dragonite, F|100/100
|turn|19
|
|t:|1781533215
|-terastallize|p1a: Dragonite|Normal
|move|p1a: Dragonite|Dragon Dance|p1a: Dragonite
|-boost|p1a: Dragonite|atk|1
|-boost|p1a: Dragonite|spe|1
|move|p2a: Electrons|Draco Meteor|p1a: Dragonite
|-damage|p1a: Dragonite|53/100
|-unboost|p2a: Electrons|spa|2
|
|-weather|RainDance|[upkeep]
|upkeep
|turn|20
|
|t:|1781533226
|-end|p2a: Electrons|Protosynthesis|[silent]
|switch|p2a: Rockero|Overqwil, M, shiny|100/100
|-damage|p2a: Rockero|88/100|[from] Stealth Rock
|move|p1a: Dragonite|Roost|p1a: Dragonite
|-heal|p1a: Dragonite|100/100
|
|-weather|none
|upkeep
|turn|21
|
|t:|1781533228
|move|p1a: Dragonite|Earthquake|p2a: Rockero
|-supereffective|p2a: Rockero
|-crit|p2a: Rockero
|-damage|p2a: Rockero|0 fnt
|faint|p2a: Rockero
|
|upkeep
|
|t:|1781533231
|switch|p2a: Pelipas|Pelipper, M, shiny|48/100
|-damage|p2a: Pelipas|24/100|[from] Stealth Rock
|-weather|RainDance|[from] ability: Drizzle|[of] p2a: Pelipas
|turn|22
|-message|erjuanzas forfeited.
|
|win|zwardo2000
|raw|zwardo2000's rating: 1648 &rarr; <strong>1671</strong><br />(+23 for winning)
|raw|erjuanzas's rating: 1699 &rarr; <strong>1676</strong><br />(-23 for losing)
|l|☆erjuanzas
|player|p2|
|l|☆zwardo2000
|player|p1|
