|j|☆n5v
|j|☆vvenlo
|t:|1781031840
|gametype|singles
|player|p1|n5v|leon-masters|1575
|player|p2|vvenlo|miku-water|1594
|gen|9
|tier|[Gen 9] OU
|rated|
|rule|HP Percentage Mod: HP is shown in percentages
|rule|Endless Battle Clause: Forcing endless battles is banned
|rule|Species Clause: Limit one of each Pokémon
|rule|OHKO Clause: OHKO moves are banned
|rule|Evasion Items Clause: Evasion items are banned
|rule|Evasion Moves Clause: Evasion moves are banned
|rule|Evasion Abilities Clause: Evasion abilities are banned
|rule|Sleep Moves Clause: Sleep-inducing moves are banned
|clearpoke
|poke|p1|Raging Bolt|
|poke|p1|Iron Crown|
|poke|p1|Rillaboom, F|
|poke|p1|Enamorus, F|
|poke|p1|Great Tusk|
|poke|p1|Kingambit, M|
|poke|p2|Kingambit, M|
|poke|p2|Zapdos|
|poke|p2|Primarina, F|
|poke|p2|Clodsire, M|
|poke|p2|Cinderace, F|
|poke|p2|Deoxys-Speed|
|teampreview
|inactive|Battle timer is ON: inactive players will automatically lose when time's up. (requested by vvenlo)
|inactive|n5v has 120 seconds left.
|c|☆n5v|glhf
|
|t:|1781031917
|teamsize|p1|6
|teamsize|p2|6
|start
|switch|p1a: diddy kong|Rillaboom, F|100/100
|switch|p2a: Deoxys|Deoxys-Speed|100/100
|-ability|p2a: Deoxys|Pressure
|-fieldstart|move: Grassy Terrain|[from] ability: Grassy Surge|[of] p1a: diddy kong
|turn|1
|inactive|vvenlo has 120 seconds left.
|
|t:|1781031959
|move|p2a: Deoxys|Psycho Boost|p1a: diddy kong
|-damage|p1a: diddy kong|0 fnt
|-unboost|p2a: Deoxys|spa|2
|faint|p1a: diddy kong
|
|upkeep
|c|☆vvenlo|u2
|inactive|n5v has 120 seconds left.
|
|t:|1781032010
|switch|p1a: le-tachyon|Iron Crown|100/100
|turn|2
|inactive|vvenlo has 120 seconds left.
|
|t:|1781032018
|switch|p2a: Clodsire|Clodsire, M|100/100
|move|p1a: le-tachyon|Tachyon Cutter|p2a: Clodsire
|-damage|p2a: Clodsire|84/100
|-damage|p2a: Clodsire|69/100
|-hitcount|p2a: Clodsire|2
|
|-heal|p2a: Clodsire|75/100|[from] Grassy Terrain
|upkeep
|turn|3
|
|t:|1781032026
|move|p1a: le-tachyon|Psychic Noise|p2a: Clodsire
|-supereffective|p2a: Clodsire
|-damage|p2a: Clodsire|31/100
|-start|p2a: Clodsire|move: Heal Block
|cant|p2a: Clodsire|move: Heal Block|Recover
|
|upkeep
|turn|4
|
|t:|1781032034
|switch|p2a: Deoxys|Deoxys-Speed|100/100
|-ability|p2a: Deoxys|Pressure
|move|p1a: le-tachyon|Psychic Noise|p2a: Deoxys
|-resisted|p2a: Deoxys
|-damage|p2a: Deoxys|79/100
|-start|p2a: Deoxys|move: Heal Block
|
|upkeep
|turn|5
|
|t:|1781032039
|move|p2a: Deoxys|Shadow Ball|p1a: le-tachyon
|-supereffective|p1a: le-tachyon
|-damage|p1a: le-tachyon|58/100
|move|p1a: le-tachyon|Tachyon Cutter|p2a: Deoxys
|-damage|p2a: Deoxys|49/100
|-damage|p2a: Deoxys|15/100
|-hitcount|p2a: Deoxys|2
|
|-heal|p1a: le-tachyon|64/100|[from] Grassy Terrain
|-end|p2a: Deoxys|move: Heal Block
|-fieldend|move: Grassy Terrain
|upkeep
|turn|6
|c|☆n5v|do I know u somehow
|
|t:|1781032054
|switch|p2a: Cinderace|Cinderace, F|100/100
|-end|p1a: le-tachyon|Quark Drive|[silent]
|switch|p1a: neededaghostresist|Kingambit, M|100/100
|-activate|p1a: neededaghostresist|ability: Supreme Overlord
|-start|p1a: neededaghostresist|fallen1|[silent]
|
|upkeep
|turn|7
|
|t:|1781032061
|-end|p1a: neededaghostresist|fallen1|[silent]
|switch|p1a: goobing bolt|Raging Bolt|100/100
|move|p2a: Cinderace|Will-O-Wisp|p1a: goobing bolt
|-status|p1a: goobing bolt|brn
|
|-damage|p1a: goobing bolt|94/100 brn|[from] brn
|upkeep
|turn|8
|
|t:|1781032074
|move|p2a: Cinderace|U-turn|p1a: goobing bolt
|-damage|p1a: goobing bolt|75/100 brn
|inactive|vvenlo has 120 seconds left.
|
|t:|1781032113
|switch|p2a: Clodsire|Clodsire, M|31/100|[from] U-turn
|move|p1a: goobing bolt|Thunderbolt|p2a: Clodsire
|-immune|p2a: Clodsire
|
|-damage|p1a: goobing bolt|69/100 brn|[from] brn
|upkeep
|turn|9
|
|t:|1781032118
|-end|p1a: goobing bolt|Protosynthesis|[silent]
|switch|p1a: le-tachyon|Iron Crown|64/100
|-terastallize|p2a: Clodsire|Fairy
|move|p2a: Clodsire|Recover|p2a: Clodsire
|-heal|p2a: Clodsire|81/100
|
|upkeep
|turn|10
|
|t:|1781032129
|switch|p2a: Kingambit|Kingambit, M|100/100
|move|p1a: le-tachyon|Volt Switch|p2a: Kingambit
|-damage|p2a: Kingambit|80/100
|
|t:|1781032133
|-end|p1a: le-tachyon|Quark Drive|[silent]
|switch|p1a: cheap tusk|Great Tusk|100/100|[from] Volt Switch
|
|-heal|p2a: Kingambit|86/100|[from] item: Leftovers
|upkeep
|turn|11
|
|t:|1781032136
|-end|p2a: Kingambit|fallenundefined|[silent]
|switch|p2a: Zapdos|Zapdos|100/100
|move|p1a: cheap tusk|Headlong Rush|p2a: Zapdos
|-immune|p2a: Zapdos
|
|upkeep
|turn|12
|
|t:|1781032141
|-end|p1a: cheap tusk|Protosynthesis|[silent]
|switch|p1a: goobing bolt|Raging Bolt|69/100 brn
|move|p2a: Zapdos|U-turn|p1a: goobing bolt
|-damage|p1a: goobing bolt|56/100 brn
|
|t:|1781032169
|switch|p2a: Primarina|Primarina, F|100/100|[from] U-turn
|
|-damage|p1a: goobing bolt|49/100 brn|[from] brn
|upkeep
|turn|13
|
|t:|1781032173
|move|p1a: goobing bolt|Volt Switch|p2a: Primarina
|-supereffective|p2a: Primarina
|-damage|p2a: Primarina|31/100
|
|t:|1781032179
|-end|p1a: goobing bolt|Protosynthesis|[silent]
|switch|p1a: le-tachyon|Iron Crown|64/100|[from] Volt Switch
|move|p2a: Primarina|Moonblast|p1a: le-tachyon
|-resisted|p1a: le-tachyon
|-damage|p1a: le-tachyon|49/100
|-unboost|p1a: le-tachyon|spa|1
|
|upkeep
|turn|14
|
|t:|1781032188
|switch|p2a: Kingambit|Kingambit, M|86/100
|move|p1a: le-tachyon|Volt Switch|p2a: Kingambit
|-damage|p2a: Kingambit|72/100
|
|t:|1781032191
|-end|p1a: le-tachyon|Quark Drive|[silent]
|switch|p1a: cheap tusk|Great Tusk|100/100|[from] Volt Switch
|
|-heal|p2a: Kingambit|78/100|[from] item: Leftovers
|upkeep
|turn|15
|
|t:|1781032193
|-end|p2a: Kingambit|fallenundefined|[silent]
|switch|p2a: Zapdos|Zapdos|100/100
|move|p1a: cheap tusk|Stealth Rock|p2a: Zapdos
|-sidestart|p2: vvenlo|move: Stealth Rock
|
|upkeep
|turn|16
|
|t:|1781032200
|-end|p1a: cheap tusk|Protosynthesis|[silent]
|switch|p1a: le-tachyon|Iron Crown|49/100
|move|p2a: Zapdos|U-turn|p1a: le-tachyon
|-damage|p1a: le-tachyon|36/100
|
|t:|1781032208
|switch|p2a: Cinderace|Cinderace, F|100/100|[from] U-turn
|
|upkeep
|turn|17
|
|t:|1781032217
|-end|p1a: le-tachyon|Quark Drive|[silent]
|switch|p1a: goobing bolt|Raging Bolt|49/100 brn
|move|p2a: Cinderace|Pyro Ball|p1a: goobing bolt
|-resisted|p1a: goobing bolt
|-damage|p1a: goobing bolt|27/100 brn
|
|-damage|p1a: goobing bolt|21/100 brn|[from] brn
|upkeep
|turn|18
|
|t:|1781032225
|-end|p1a: goobing bolt|Protosynthesis|[silent]
|switch|p1a: cheap tusk|Great Tusk|100/100
|move|p2a: Cinderace|Pyro Ball|p1a: cheap tusk
|-damage|p1a: cheap tusk|68/100
|
|upkeep
|turn|19
|
|t:|1781032250
|switch|p2a: Zapdos|Zapdos|100/100
|move|p1a: cheap tusk|Headlong Rush|p2a: Zapdos
|-immune|p2a: Zapdos
|
|upkeep
|turn|20
|
|t:|1781032259
|-end|p1a: cheap tusk|Protosynthesis|[silent]
|switch|p1a: neededaghostresist|Kingambit, M|100/100
|-activate|p1a: neededaghostresist|ability: Supreme Overlord
|-start|p1a: neededaghostresist|fallen1|[silent]
|move|p2a: Zapdos|Hurricane|p1a: neededaghostresist
|-resisted|p1a: neededaghostresist
|-damage|p1a: neededaghostresist|75/100
|
|-heal|p1a: neededaghostresist|81/100|[from] item: Leftovers
|upkeep
|turn|21
|
|t:|1781032267
|move|p2a: Zapdos|Discharge|p1a: neededaghostresist
|-damage|p1a: neededaghostresist|45/100
|-status|p1a: neededaghostresist|par
|move|p1a: neededaghostresist|Kowtow Cleave|p2a: Zapdos
|-damage|p2a: Zapdos|60/100
|
|-heal|p1a: neededaghostresist|51/100 par|[from] item: Leftovers
|upkeep
|turn|22
|
|t:|1781032273
|move|p2a: Zapdos|Roost|p2a: Zapdos
|-heal|p2a: Zapdos|100/100
|-singleturn|p2a: Zapdos|move: Roost
|move|p1a: neededaghostresist|Swords Dance|p1a: neededaghostresist
|-boost|p1a: neededaghostresist|atk|2
|
|-heal|p1a: neededaghostresist|57/100 par|[from] item: Leftovers
|upkeep
|turn|23
|
|t:|1781032279
|switch|p2a: Clodsire|Clodsire, M, tera:Fairy|81/100
|-damage|p2a: Clodsire|69/100|[from] Stealth Rock
|move|p1a: neededaghostresist|Kowtow Cleave|p2a: Clodsire
|-resisted|p2a: Clodsire
|-damage|p2a: Clodsire|47/100
|
|-heal|p1a: neededaghostresist|64/100 par|[from] item: Leftovers
|upkeep
|turn|24
|
|t:|1781032300
|cant|p1a: neededaghostresist|par
|move|p2a: Clodsire|Earthquake|p1a: neededaghostresist
|-supereffective|p1a: neededaghostresist
|-damage|p1a: neededaghostresist|19/100 par
|
|-heal|p1a: neededaghostresist|26/100 par|[from] item: Leftovers
|upkeep
|turn|25
|
|t:|1781032308
|switch|p2a: Zapdos|Zapdos|100/100
|cant|p1a: neededaghostresist|par
|
|-heal|p1a: neededaghostresist|32/100 par|[from] item: Leftovers
|upkeep
|turn|26
|
|t:|1781032313
|cant|p1a: neededaghostresist|par
|move|p2a: Zapdos|Discharge|p1a: neededaghostresist
|-damage|p1a: neededaghostresist|0 fnt
|faint|p1a: neededaghostresist
|-end|p1a: neededaghostresist|fallen1|[silent]
|
|upkeep
|
|t:|1781032318
|switch|p1a: gay alladin|Enamorus, F|100/100
|turn|27
|
|t:|1781032321
|move|p1a: gay alladin|Healing Wish|p1a: gay alladin
|faint|p1a: gay alladin
|move|p2a: Zapdos|Discharge|p1: gay alladin|[notarget]
|-fail|p2a: Zapdos
|
|upkeep
|
|t:|1781032322
|switch|p1a: goobing bolt|Raging Bolt|21/100 brn
|-heal|p1a: goobing bolt|100/100|[from] move: Healing Wish
|turn|28
|
|t:|1781032335
|switch|p2a: Clodsire|Clodsire, M, tera:Fairy|47/100
|-damage|p2a: Clodsire|35/100|[from] Stealth Rock
|move|p1a: goobing bolt|Thunderbolt|p2a: Clodsire
|-damage|p2a: Clodsire|0 fnt
|faint|p2a: Clodsire
|
|upkeep
|
|t:|1781032352
|switch|p2a: Deoxys|Deoxys-Speed|15/100
|-damage|p2a: Deoxys|3/100|[from] Stealth Rock
|-ability|p2a: Deoxys|Pressure
|turn|29
|
|t:|1781032358
|-end|p1a: goobing bolt|Protosynthesis|[silent]
|switch|p1a: le-tachyon|Iron Crown|36/100
|move|p2a: Deoxys|Trick|p1a: le-tachyon
|-activate|p2a: Deoxys|move: Trick|[of] p1a: le-tachyon
|-item|p1a: le-tachyon|Choice Specs|[from] move: Trick
|-item|p2a: Deoxys|Assault Vest|[from] move: Trick
|
|upkeep
|turn|30
|
|t:|1781032367
|move|p2a: Deoxys|Shadow Ball|p1a: le-tachyon
|-supereffective|p1a: le-tachyon
|-damage|p1a: le-tachyon|0 fnt
|faint|p1a: le-tachyon
|-end|p1a: le-tachyon|Quark Drive|[silent]
|
|upkeep
|
|t:|1781032373
|switch|p1a: goobing bolt|Raging Bolt|100/100
|turn|31
|
|t:|1781032383
|move|p1a: goobing bolt|Thunderclap|p2a: Deoxys
|-damage|p2a: Deoxys|0 fnt
|faint|p2a: Deoxys
|
|upkeep
|
|t:|1781032398
|switch|p2a: Kingambit|Kingambit, M|78/100
|-damage|p2a: Kingambit|72/100|[from] Stealth Rock
|-activate|p2a: Kingambit|ability: Supreme Overlord
|-start|p2a: Kingambit|fallen2|[silent]
|turn|32
|
|t:|1781032412
|-end|p1a: goobing bolt|Protosynthesis|[silent]
|switch|p1a: cheap tusk|Great Tusk|68/100
|move|p2a: Kingambit|Iron Head|p1a: cheap tusk
|-damage|p1a: cheap tusk|31/100
|
|-heal|p2a: Kingambit|78/100|[from] item: Leftovers
|upkeep
|turn|33
|
|t:|1781032418
|-end|p2a: Kingambit|fallen2|[silent]
|switch|p2a: Zapdos|Zapdos|100/100
|move|p1a: cheap tusk|Ice Spinner|p2a: Zapdos
|-supereffective|p2a: Zapdos
|-damage|p2a: Zapdos|65/100
|
|upkeep
|turn|34
|
|t:|1781032423
|move|p1a: cheap tusk|Ice Spinner|p2a: Zapdos
|-supereffective|p2a: Zapdos
|-damage|p2a: Zapdos|29/100
|move|p2a: Zapdos|Hurricane|p1a: cheap tusk
|-supereffective|p1a: cheap tusk
|-crit|p1a: cheap tusk
|-damage|p1a: cheap tusk|0 fnt
|faint|p1a: cheap tusk
|-end|p1a: cheap tusk|Protosynthesis|[silent]
|
|upkeep
|
|t:|1781032424
|switch|p1a: goobing bolt|Raging Bolt|100/100
|turn|35
|
|t:|1781032427
|move|p1a: goobing bolt|Thunderbolt|p2a: Zapdos
|-damage|p2a: Zapdos|0 fnt
|faint|p2a: Zapdos
|
|upkeep
|
|t:|1781032443
|switch|p2a: Kingambit|Kingambit, M|78/100
|-damage|p2a: Kingambit|72/100|[from] Stealth Rock
|-activate|p2a: Kingambit|ability: Supreme Overlord
|-start|p2a: Kingambit|fallen3|[silent]
|turn|36
|
|t:|1781032455
|-end|p2a: Kingambit|fallen3|[silent]
|switch|p2a: Primarina|Primarina, F|31/100
|-damage|p2a: Primarina|18/100|[from] Stealth Rock
|move|p1a: goobing bolt|Thunderbolt|p2a: Primarina
|-supereffective|p2a: Primarina
|-damage|p2a: Primarina|0 fnt
|faint|p2a: Primarina
|
|upkeep
|
|t:|1781032460
|switch|p2a: Kingambit|Kingambit, M|72/100
|-damage|p2a: Kingambit|66/100|[from] Stealth Rock
|-activate|p2a: Kingambit|ability: Supreme Overlord
|-start|p2a: Kingambit|fallen4|[silent]
|turn|37
|
|t:|1781032465
|move|p1a: goobing bolt|Thunderbolt|p2a: Kingambit
|-crit|p2a: Kingambit
|-damage|p2a: Kingambit|0 fnt
|faint|p2a: Kingambit
|-end|p2a: Kingambit|fallen4|[silent]
|
|upkeep
|
|t:|1781032470
|switch|p2a: Cinderace|Cinderace, F|100/100
|turn|38
|
|t:|1781032476
|move|p2a: Cinderace|Pyro Ball|p1a: goobing bolt
|-resisted|p1a: goobing bolt
|-crit|p1a: goobing bolt
|-damage|p1a: goobing bolt|65/100
|move|p1a: goobing bolt|Thunderbolt|p2a: Cinderace
|-damage|p2a: Cinderace|10/100
|
|upkeep
|turn|39
|inactive|n5v has 120 seconds left.
|
|t:|1781032510
|move|p2a: Cinderace|Will-O-Wisp|p1a: goobing bolt
|-status|p1a: goobing bolt|brn
|move|p1a: goobing bolt|Thunderbolt|p2a: Cinderace
|-damage|p2a: Cinderace|0 fnt
|faint|p2a: Cinderace
|
|win|n5v
|raw|n5v's rating: 1575 &rarr; <strong>1596</strong><br />(+21 for winning)
|raw|vvenlo's rating: 1594 &rarr; <strong>1573</strong><br />(-21 for losing)
|c|☆n5v|gg
