|j|☆Sanskiller55
|j|☆bongzongweedluvr
|t:|1780895741
|gametype|singles
|player|p1|Sanskiller55|acerola-masters|1529
|player|p2|bongzongweedluvr|266|1528
|gen|9
|tier|[Gen 9] OU
|rated|
|rule|HP Percentage Mod: HP is shown in percentages
|rule|Endless Battle Clause: Forcing endless battles is banned
|rule|Species Clause: Limit one of each Pokémon
|rule|OHKO Clause: OHKO moves are banned
|rule|Evasion Items Clause: Evasion items are banned
|rule|Evasion Moves Clause: Evasion moves are banned
|rule|Evasion Abilities Clause: Evasion abilities are banned
|rule|Sleep Moves Clause: Sleep-inducing moves are banned
|clearpoke
|poke|p1|Chesnaught, M|
|poke|p1|Clodsire, M|
|poke|p1|Kyurem|
|poke|p1|Great Tusk|
|poke|p1|Ogerpon-Wellspring, F|
|poke|p1|Pecharunt|
|poke|p2|Greninja-*, M|
|poke|p2|Glimmora, M|
|poke|p2|Garchomp, F|
|poke|p2|Iron Valiant|
|poke|p2|Ceruledge, M|
|poke|p2|Kingambit, M|
|teampreview
|inactive|Battle timer is ON: inactive players will automatically lose when time's up. (requested by bongzongweedluvr)
|inactive|Sanskiller55 also wants the timer to be on.
|
|t:|1780895755
|teamsize|p1|6
|teamsize|p2|6
|start
|switch|p1a: Hungry Dragon|Kyurem|100/100
|switch|p2a: Greninja|Greninja, M|100/100
|-ability|p1a: Hungry Dragon|Pressure
|turn|1
|
|t:|1780895758
|move|p2a: Greninja|Dark Pulse|p1a: Hungry Dragon
|-damage|p1a: Hungry Dragon|64/100
|move|p1a: Hungry Dragon|Freeze-Dry|p2a: Greninja
|-supereffective|p2a: Greninja
|-damage|p2a: Greninja|0 fnt
|faint|p2a: Greninja
|
|upkeep
|
|t:|1780895764
|switch|p2a: Garchomp|Garchomp, F|100/100
|turn|2
|
|t:|1780895768
|switch|p1a: The Paladin|Chesnaught, M|100/100
|move|p2a: Garchomp|Scale Shot|p1a: The Paladin
|-damage|p1a: The Paladin|91/100
|-damage|p1a: The Paladin|83/100
|-damage|p1a: The Paladin|74/100
|-damage|p1a: The Paladin|66/100
|-damage|p1a: The Paladin|56/100
|-hitcount|p1a: The Paladin|5
|-unboost|p2a: Garchomp|def|1
|-boost|p2a: Garchomp|spe|1
|
|upkeep
|turn|3
|
|t:|1780895777
|move|p2a: Garchomp|Swords Dance|p2a: Garchomp
|-boost|p2a: Garchomp|atk|2
|move|p1a: The Paladin|Synthesis|p1a: The Paladin
|-heal|p1a: The Paladin|100/100
|
|upkeep
|turn|4
|
|t:|1780895782
|move|p2a: Garchomp|Fire Fang|p1a: The Paladin
|-supereffective|p1a: The Paladin
|-damage|p1a: The Paladin|37/100
|-damage|p2a: Garchomp|84/100|[from] item: Rocky Helmet|[of] p1a: The Paladin
|move|p1a: The Paladin|Body Press|p2a: Garchomp
|-damage|p2a: Garchomp|23/100
|-damage|p1a: The Paladin|25/100|[from] ability: Rough Skin|[of] p2a: Garchomp
|
|upkeep
|turn|5
|
|t:|1780895786
|move|p2a: Garchomp|Scale Shot|p1a: The Paladin
|-damage|p1a: The Paladin|6/100
|-damage|p1a: The Paladin|0 fnt
|faint|p1a: The Paladin
|-hitcount|p1: The Paladin|2
|-unboost|p2a: Garchomp|def|1
|-boost|p2a: Garchomp|spe|1
|
|upkeep
|
|t:|1780895792
|switch|p1a: Coat of the Right|Great Tusk|100/100
|-enditem|p1a: Coat of the Right|Booster Energy
|-activate|p1a: Coat of the Right|ability: Protosynthesis|[fromitem]
|-start|p1a: Coat of the Right|protosynthesisspe
|turn|6
|
|t:|1780895799
|move|p2a: Garchomp|Scale Shot|p1a: Coat of the Right|[miss]
|-miss|p2a: Garchomp|p1a: Coat of the Right
|move|p1a: Coat of the Right|Earthquake|p2a: Garchomp
|-damage|p2a: Garchomp|0 fnt
|faint|p2a: Garchomp
|
|upkeep
|
|t:|1780895805
|switch|p2a: Iron Valiant|Iron Valiant|100/100
|-enditem|p2a: Iron Valiant|Booster Energy
|-activate|p2a: Iron Valiant|ability: Quark Drive|[fromitem]
|-start|p2a: Iron Valiant|quarkdrivespe
|turn|7
|
|t:|1780895821
|-end|p1a: Coat of the Right|Protosynthesis|[silent]
|switch|p1a: Gus|Clodsire, M, shiny|100/100
|move|p2a: Iron Valiant|Moonblast|p1a: Gus
|-resisted|p1a: Gus
|-crit|p1a: Gus
|-damage|p1a: Gus|80/100
|-unboost|p1a: Gus|spa|1
|
|-heal|p1a: Gus|86/100|[from] item: Leftovers
|upkeep
|turn|8
|
|t:|1780895826
|-end|p2a: Iron Valiant|Quark Drive|[silent]
|switch|p2a: Kingambit|Kingambit, M|100/100
|-activate|p2a: Kingambit|ability: Supreme Overlord
|-start|p2a: Kingambit|fallen2|[silent]
|move|p1a: Gus|Earthquake|p2a: Kingambit
|-supereffective|p2a: Kingambit
|-damage|p2a: Kingambit|54/100
|
|-heal|p1a: Gus|92/100|[from] item: Leftovers
|upkeep
|turn|9
|
|t:|1780895829
|move|p2a: Kingambit|Iron Head|p1a: Gus
|-damage|p1a: Gus|31/100
|move|p1a: Gus|Earthquake|p2a: Kingambit
|-supereffective|p2a: Kingambit
|-damage|p2a: Kingambit|13/100
|
|-heal|p1a: Gus|38/100|[from] item: Leftovers
|upkeep
|turn|10
|
|t:|1780895833
|switch|p1a: Coat of the Right|Great Tusk|100/100
|move|p2a: Kingambit|Iron Head|p1a: Coat of the Right
|-damage|p1a: Coat of the Right|65/100
|
|upkeep
|turn|11
|
|t:|1780895836
|-end|p2a: Kingambit|fallen2|[silent]
|switch|p2a: Ceruledge|Ceruledge, M|100/100
|-item|p2a: Ceruledge|Air Balloon
|move|p1a: Coat of the Right|Earthquake|p2a: Ceruledge
|-immune|p2a: Ceruledge
|
|upkeep
|turn|12
|
|t:|1780895842
|-end|p1a: Coat of the Right|Protosynthesis|[silent]
|switch|p1a: Girlboss|Ogerpon-Wellspring, F|100/100
|move|p2a: Ceruledge|Swords Dance|p2a: Ceruledge
|-boost|p2a: Ceruledge|atk|2
|
|upkeep
|turn|13
|
|t:|1780895853
|-terastallize|p2a: Ceruledge|Ghost
|move|p1a: Girlboss|Ivy Cudgel|p2a: Ceruledge|[anim] Ivy Cudgel Water
|-damage|p2a: Ceruledge|25/100
|-ability|p2a: Ceruledge|Weak Armor|boost
|-unboost|p2a: Ceruledge|def|1
|-boost|p2a: Ceruledge|spe|2
|-enditem|p2a: Ceruledge|Air Balloon
|move|p2a: Ceruledge|Poltergeist|p1a: Girlboss|[miss]
|-miss|p2a: Ceruledge|p1a: Girlboss
|
|upkeep
|turn|14
|
|t:|1780895860
|move|p2a: Ceruledge|Bitter Blade|p1a: Girlboss
|-crit|p1a: Girlboss
|-damage|p1a: Girlboss|0 fnt
|-heal|p2a: Ceruledge|80/100|[from] drain|[of] p1a: Girlboss
|faint|p1a: Girlboss
|
|upkeep
|
|t:|1780895873
|switch|p1a: Misinformation|Pecharunt|100/100
|turn|15
|
|t:|1780895876
|-terastallize|p1a: Misinformation|Dark
|move|p2a: Ceruledge|Poltergeist|p1a: Misinformation
|-activate|p1a: Misinformation|move: Poltergeist|Leftovers
|-resisted|p1a: Misinformation
|-damage|p1a: Misinformation|57/100
|move|p1a: Misinformation|Shadow Ball|p2a: Ceruledge
|-supereffective|p2a: Ceruledge
|-damage|p2a: Ceruledge|10/100
|
|-heal|p1a: Misinformation|63/100|[from] item: Leftovers
|upkeep
|turn|16
|
|t:|1780895880
|move|p2a: Ceruledge|Bitter Blade|p1a: Misinformation
|-damage|p1a: Misinformation|17/100
|-heal|p2a: Ceruledge|40/100|[from] drain|[of] p1a: Misinformation
|move|p1a: Misinformation|Shadow Ball|p2a: Ceruledge
|-supereffective|p2a: Ceruledge
|-damage|p2a: Ceruledge|0 fnt
|faint|p2a: Ceruledge
|
|-heal|p1a: Misinformation|23/100|[from] item: Leftovers
|upkeep
|
|t:|1780895888
|switch|p2a: Glimmora|Glimmora, M|100/100
|turn|17
|
|t:|1780895891
|move|p2a: Glimmora|Earth Power|p1a: Misinformation
|-damage|p1a: Misinformation|0 fnt
|faint|p1a: Misinformation
|
|upkeep
|
|t:|1780895893
|switch|p1a: Hungry Dragon|Kyurem|64/100
|-ability|p1a: Hungry Dragon|Pressure
|turn|18
|
|t:|1780895897
|move|p1a: Hungry Dragon|Earth Power|p2a: Glimmora
|-supereffective|p2a: Glimmora
|-crit|p2a: Glimmora
|-damage|p2a: Glimmora|0 fnt
|faint|p2a: Glimmora
|
|upkeep
|
|t:|1780895899
|switch|p2a: Iron Valiant|Iron Valiant|100/100
|turn|19
|
|t:|1780895905
|-end|p2a: Iron Valiant|Quark Drive|[silent]
|switch|p2a: Kingambit|Kingambit, M|13/100
|-activate|p2a: Kingambit|ability: Supreme Overlord
|-start|p2a: Kingambit|fallen4|[silent]
|move|p1a: Hungry Dragon|Earth Power|p2a: Kingambit
|-supereffective|p2a: Kingambit
|-damage|p2a: Kingambit|0 fnt
|faint|p2a: Kingambit
|-end|p2a: Kingambit|fallen4|[silent]
|
|upkeep
|
|t:|1780895906
|switch|p2a: Iron Valiant|Iron Valiant|100/100
|turn|20
|
|t:|1780895908
|move|p2a: Iron Valiant|Moonblast|p1a: Hungry Dragon
|-supereffective|p1a: Hungry Dragon
|-damage|p1a: Hungry Dragon|0 fnt
|faint|p1a: Hungry Dragon
|
|upkeep
|
|t:|1780895909
|switch|p1a: Gus|Clodsire, M, shiny|38/100
|turn|21
|
|t:|1780895911
|move|p2a: Iron Valiant|Shadow Ball|p1a: Gus
|-damage|p1a: Gus|22/100
|move|p1a: Gus|Recover|p1a: Gus
|-heal|p1a: Gus|72/100
|
|-heal|p1a: Gus|78/100|[from] item: Leftovers
|upkeep
|turn|22
|
|t:|1780895915
|move|p2a: Iron Valiant|Encore|p1a: Gus
|-start|p1a: Gus|Encore
|move|p1a: Gus|Recover|p1a: Gus
|-heal|p1a: Gus|100/100
|
|upkeep
|turn|23
|
|t:|1780895917
|switch|p1a: Coat of the Right|Great Tusk|65/100
|move|p2a: Iron Valiant|Calm Mind|p2a: Iron Valiant
|-boost|p2a: Iron Valiant|spa|1
|-boost|p2a: Iron Valiant|spd|1
|
|upkeep
|turn|24
|
|t:|1780895919
|move|p2a: Iron Valiant|Moonblast|p1a: Coat of the Right
|-supereffective|p1a: Coat of the Right
|-damage|p1a: Coat of the Right|0 fnt
|faint|p1a: Coat of the Right
|-end|p1a: Coat of the Right|Protosynthesis|[silent]
|
|upkeep
|
|t:|1780895920
|switch|p1a: Gus|Clodsire, M, shiny|100/100
|turn|25
|
|t:|1780895921
|move|p2a: Iron Valiant|Shadow Ball|p1a: Gus
|-damage|p1a: Gus|86/100
|-unboost|p1a: Gus|spd|1
|move|p1a: Gus|Earthquake|p2a: Iron Valiant
|-damage|p2a: Iron Valiant|67/100
|
|-heal|p1a: Gus|92/100|[from] item: Leftovers
|upkeep
|turn|26
|
|t:|1780895923
|move|p2a: Iron Valiant|Shadow Ball|p1a: Gus
|-damage|p1a: Gus|71/100
|move|p1a: Gus|Toxic|p2a: Iron Valiant
|-status|p2a: Iron Valiant|tox
|
|-heal|p1a: Gus|78/100|[from] item: Leftovers
|-damage|p2a: Iron Valiant|61/100 tox|[from] psn
|upkeep
|turn|27
|
|t:|1780895928
|move|p2a: Iron Valiant|Encore|p1a: Gus
|-start|p1a: Gus|Encore
|move|p1a: Gus|Toxic|p2a: Iron Valiant
|-fail|p2a: Iron Valiant|tox
|
|-heal|p1a: Gus|84/100|[from] item: Leftovers
|-damage|p2a: Iron Valiant|48/100 tox|[from] psn
|upkeep
|turn|28
|
|t:|1780895930
|move|p2a: Iron Valiant|Shadow Ball|p1a: Gus
|-damage|p1a: Gus|62/100
|-unboost|p1a: Gus|spd|1
|move|p1a: Gus|Toxic|p2a: Iron Valiant
|-fail|p2a: Iron Valiant|tox
|
|-heal|p1a: Gus|69/100|[from] item: Leftovers
|-damage|p2a: Iron Valiant|30/100 tox|[from] psn
|upkeep
|turn|29
|
|t:|1780895932
|move|p2a: Iron Valiant|Shadow Ball|p1a: Gus
|-damage|p1a: Gus|39/100
|move|p1a: Gus|Toxic|p2a: Iron Valiant
|-fail|p2a: Iron Valiant|tox
|
|-heal|p1a: Gus|45/100|[from] item: Leftovers
|-damage|p2a: Iron Valiant|5/100 tox|[from] psn
|-end|p1a: Gus|Encore
|upkeep
|turn|30
|
|t:|1780895935
|move|p2a: Iron Valiant|Shadow Ball|p1a: Gus
|-damage|p1a: Gus|14/100
|move|p1a: Gus|Recover|p1a: Gus
|-heal|p1a: Gus|64/100
|
|-heal|p1a: Gus|70/100|[from] item: Leftovers
|-damage|p2a: Iron Valiant|0 fnt|[from] psn
|faint|p2a: Iron Valiant
|-end|p2a: Iron Valiant|Quark Drive|[silent]
|
|win|Sanskiller55
|raw|Sanskiller55's rating: 1529 &rarr; <strong>1550</strong><br />(+21 for winning)
|raw|bongzongweedluvr's rating: 1545 &rarr; <strong>1524</strong><br />(-21 for losing)
|l|☆Sanskiller55
|player|p1|
|l|☆bongzongweedluvr
|player|p2|
