|j|☆goshdarnittt
|j|☆thebambi1234
|t:|1781197017
|gametype|singles
|player|p1|goshdarnittt|yellow|1631
|player|p2|thebambi1234|blackbelt-gen4dp|1653
|gen|9
|tier|[Gen 9] OU
|rated|
|rule|HP Percentage Mod: HP is shown in percentages
|rule|Endless Battle Clause: Forcing endless battles is banned
|rule|Species Clause: Limit one of each Pokémon
|rule|OHKO Clause: OHKO moves are banned
|rule|Evasion Items Clause: Evasion items are banned
|rule|Evasion Moves Clause: Evasion moves are banned
|rule|Evasion Abilities Clause: Evasion abilities are banned
|rule|Sleep Moves Clause: Sleep-inducing moves are banned
|clearpoke
|poke|p1|Pelipper, F|
|poke|p1|Golduck, M|
|poke|p1|Raging Bolt|
|poke|p1|Barraskewda, F|
|poke|p1|Tentacruel, F|
|poke|p1|Pawmot, M|
|poke|p2|Gliscor, M|
|poke|p2|Corviknight, M|
|poke|p2|Dondozo, F|
|poke|p2|Blissey, F|
|poke|p2|Weezing-Galar, M|
|poke|p2|Garganacl, M|
|teampreview
|inactive|Battle timer is ON: inactive players will automatically lose when time's up. (requested by thebambi1234)
|
|t:|1781197029
|teamsize|p1|6
|teamsize|p2|6
|start
|switch|p1a: Golduck|Golduck, M|100/100
|switch|p2a: Garganacl|Garganacl, M, shiny|100/100
|turn|1
|
|t:|1781197040
|-terastallize|p2a: Garganacl|Water
|move|p1a: Golduck|Hydro Pump|p2a: Garganacl|[miss]
|-miss|p1a: Golduck|p2a: Garganacl
|move|p2a: Garganacl|Stealth Rock|p1a: Golduck
|-sidestart|p1: goshdarnittt|move: Stealth Rock
|
|upkeep
|turn|2
|
|t:|1781197043
|switch|p1a: Tentacruel|Tentacruel, F|100/100
|-damage|p1a: Tentacruel|88/100|[from] Stealth Rock
|move|p2a: Garganacl|Salt Cure|p1a: Tentacruel
|-damage|p1a: Tentacruel|62/100
|-start|p1a: Tentacruel|Salt Cure
|
|-damage|p1a: Tentacruel|37/100|[from] Salt Cure
|upkeep
|turn|3
|
|t:|1781197050
|move|p2a: Garganacl|Protect|p2a: Garganacl
|-singleturn|p2a: Garganacl|Protect
|move|p1a: Tentacruel|Knock Off|p2a: Garganacl
|-activate|p2a: Garganacl|move: Protect
|
|-damage|p1a: Tentacruel|12/100|[from] Salt Cure
|upkeep
|turn|4
|
|t:|1781197058
|switch|p2a: Corviknight|Corviknight, M|100/100
|-ability|p2a: Corviknight|Pressure
|move|p1a: Tentacruel|Rapid Spin|p2a: Corviknight
|-resisted|p2a: Corviknight
|-damage|p2a: Corviknight|98/100
|-boost|p1a: Tentacruel|spe|1
|-damage|p1a: Tentacruel|0 fnt|[from] item: Rocky Helmet|[of] p2a: Corviknight
|faint|p1a: Tentacruel
|
|upkeep
|
|t:|1781197061
|switch|p1a: Pelipper|Pelipper, F|100/100
|-damage|p1a: Pelipper|76/100|[from] Stealth Rock
|-weather|RainDance|[from] ability: Drizzle|[of] p1a: Pelipper
|turn|5
|
|t:|1781197069
|switch|p1a: Raging Bolt|Raging Bolt|100/100
|-damage|p1a: Raging Bolt|88/100|[from] Stealth Rock
|move|p2a: Corviknight|U-turn|p1a: Raging Bolt
|-damage|p1a: Raging Bolt|76/100
|
|t:|1781197076
|switch|p2a: Blissey|Blissey, F|100/100|[from] U-turn
|
|-weather|RainDance|[upkeep]
|upkeep
|turn|6
|
|t:|1781197078
|-end|p1a: Raging Bolt|Protosynthesis|[silent]
|switch|p1a: Pawmot|Pawmot, M|100/100
|-damage|p1a: Pawmot|94/100|[from] Stealth Rock
|move|p2a: Blissey|Seismic Toss|p1a: Pawmot
|-damage|p1a: Pawmot|65/100
|
|-weather|RainDance|[upkeep]
|upkeep
|turn|7
|
|t:|1781197102
|switch|p1a: Golduck|Golduck, M|100/100
|-damage|p1a: Golduck|88/100|[from] Stealth Rock
|switch|p2a: Gliscor|Gliscor, M, shiny|100/100
|
|-weather|RainDance|[upkeep]
|-status|p2a: Gliscor|tox|[from] item: Toxic Orb
|upkeep
|turn|8
|
|t:|1781197107
|move|p2a: Gliscor|Protect|p2a: Gliscor
|-singleturn|p2a: Gliscor|Protect
|move|p1a: Golduck|Nasty Plot|p1a: Golduck
|-boost|p1a: Golduck|spa|2
|
|-weather|RainDance|[upkeep]
|upkeep
|turn|9
|
|t:|1781197114
|switch|p2a: Garganacl|Garganacl, M, shiny, tera:Water|100/100
|move|p1a: Golduck|Nasty Plot|p1a: Golduck
|-boost|p1a: Golduck|spa|2
|
|-weather|RainDance|[upkeep]
|upkeep
|turn|10
|
|t:|1781197119
|move|p2a: Garganacl|Protect|p2a: Garganacl
|-singleturn|p2a: Garganacl|Protect
|move|p1a: Golduck|Hydro Pump|p2a: Garganacl
|-activate|p2a: Garganacl|move: Protect
|
|-weather|RainDance|[upkeep]
|upkeep
|turn|11
|
|t:|1781197122
|move|p1a: Golduck|Hydro Pump|p2a: Garganacl
|-resisted|p2a: Garganacl
|-damage|p2a: Garganacl|7/100
|-damage|p1a: Golduck|78/100|[from] item: Life Orb
|move|p2a: Garganacl|Salt Cure|p1a: Golduck
|-damage|p1a: Golduck|59/100
|-start|p1a: Golduck|Salt Cure
|
|-weather|RainDance|[upkeep]
|-heal|p2a: Garganacl|13/100|[from] item: Leftovers
|-damage|p1a: Golduck|34/100|[from] Salt Cure
|upkeep
|turn|12
|
|t:|1781197127
|switch|p1a: Raging Bolt|Raging Bolt|76/100
|-damage|p1a: Raging Bolt|64/100|[from] Stealth Rock
|move|p2a: Garganacl|Protect||[still]
|-fail|p2a: Garganacl
|
|-weather|none
|-heal|p2a: Garganacl|19/100|[from] item: Leftovers
|upkeep
|turn|13
|
|t:|1781197133
|-end|p1a: Raging Bolt|Protosynthesis|[silent]
|switch|p1a: Pelipper|Pelipper, F|76/100
|-damage|p1a: Pelipper|51/100|[from] Stealth Rock
|-weather|RainDance|[from] ability: Drizzle|[of] p1a: Pelipper
|move|p2a: Garganacl|Protect||[still]
|-fail|p2a: Garganacl
|
|-weather|RainDance|[upkeep]
|-heal|p2a: Garganacl|25/100|[from] item: Leftovers
|upkeep
|turn|14
|
|t:|1781197137
|move|p1a: Pelipper|Hurricane|p2a: Garganacl
|-damage|p2a: Garganacl|1/100
|move|p2a: Garganacl|Recover|p2a: Garganacl
|-heal|p2a: Garganacl|51/100
|
|-weather|RainDance|[upkeep]
|-heal|p2a: Garganacl|57/100|[from] item: Leftovers
|upkeep
|turn|15
|
|t:|1781197142
|switch|p1a: Raging Bolt|Raging Bolt|64/100
|-damage|p1a: Raging Bolt|51/100|[from] Stealth Rock
|move|p2a: Garganacl|Recover|p2a: Garganacl
|-heal|p2a: Garganacl|100/100
|
|-weather|RainDance|[upkeep]
|upkeep
|turn|16
|
|t:|1781197145
|move|p2a: Garganacl|Protect|p2a: Garganacl
|-singleturn|p2a: Garganacl|Protect
|move|p1a: Raging Bolt|Thunder|p2a: Garganacl
|-activate|p2a: Garganacl|move: Protect
|
|-weather|RainDance|[upkeep]
|upkeep
|turn|17
|
|t:|1781197149
|switch|p2a: Blissey|Blissey, F|100/100
|move|p1a: Raging Bolt|Weather Ball|p2a: Blissey
|-damage|p2a: Blissey|79/100
|-damage|p1a: Raging Bolt|41/100|[from] item: Life Orb
|
|-weather|RainDance|[upkeep]
|-heal|p2a: Blissey|85/100|[from] item: Leftovers
|upkeep
|turn|18
|
|t:|1781197153
|-end|p1a: Raging Bolt|Protosynthesis|[silent]
|switch|p1a: Barraskewda|Barraskewda, F|100/100
|-damage|p1a: Barraskewda|88/100|[from] Stealth Rock
|move|p2a: Blissey|Seismic Toss|p1a: Barraskewda
|-damage|p1a: Barraskewda|50/100
|
|-weather|RainDance|[upkeep]
|-heal|p2a: Blissey|91/100|[from] item: Leftovers
|upkeep
|turn|19
|
|t:|1781197155
|switch|p2a: Corviknight|Corviknight, M|98/100
|-ability|p2a: Corviknight|Pressure
|move|p1a: Barraskewda|Liquidation|p2a: Corviknight
|-damage|p2a: Corviknight|50/100
|-unboost|p2a: Corviknight|def|1
|-damage|p1a: Barraskewda|34/100|[from] item: Rocky Helmet|[of] p2a: Corviknight
|
|-weather|RainDance|[upkeep]
|upkeep
|turn|20
|
|t:|1781197159
|switch|p2a: Dondozo|Dondozo, F|100/100
|move|p1a: Barraskewda|Liquidation|p2a: Dondozo
|-resisted|p2a: Dondozo
|-damage|p2a: Dondozo|81/100
|
|-weather|none
|-heal|p2a: Dondozo|87/100|[from] item: Leftovers
|upkeep
|turn|21
|
|t:|1781197164
|switch|p1a: Pawmot|Pawmot, M|65/100
|-damage|p1a: Pawmot|59/100|[from] Stealth Rock
|switch|p2a: Garganacl|Garganacl, M, shiny, tera:Water|100/100
|
|upkeep
|turn|22
|
|t:|1781197172
|move|p1a: Pawmot|Revival Blessing|p1a: Pawmot
|-enditem|p1a: Pawmot|Leppa Berry|[eat]
|-activate|p1a: Pawmot|item: Leppa Berry|Revival Blessing|[consumed]
|
|t:|1781197174
|-heal|p1: Tentacruel|50/100|[from] move: Revival Blessing
|move|p2a: Garganacl|Salt Cure|p1a: Pawmot
|-resisted|p1a: Pawmot
|-damage|p1a: Pawmot|49/100
|-start|p1a: Pawmot|Salt Cure
|
|-damage|p1a: Pawmot|37/100|[from] Salt Cure
|upkeep
|turn|23
|c|☆thebambi1234|is that 2 revival blessings
|c|☆thebambi1234|thats cool
|c|☆goshdarnittt|yea
|c|☆goshdarnittt|I dont think i have anything for this stall tho
|c|☆thebambi1234|yeah garg kills rain
|
|t:|1781197211
|switch|p1a: Raging Bolt|Raging Bolt|41/100
|-damage|p1a: Raging Bolt|29/100|[from] Stealth Rock
|move|p2a: Garganacl|Salt Cure|p1a: Raging Bolt
|-damage|p1a: Raging Bolt|17/100
|-start|p1a: Raging Bolt|Salt Cure
|
|-damage|p1a: Raging Bolt|5/100|[from] Salt Cure
|upkeep
|turn|24
|
|t:|1781197217
|move|p1a: Raging Bolt|Thunder|p2a: Garganacl
|-supereffective|p2a: Garganacl
|-damage|p2a: Garganacl|0 fnt
|faint|p2a: Garganacl
|-damage|p1a: Raging Bolt|0 fnt|[from] item: Life Orb
|faint|p1a: Raging Bolt
|-end|p1a: Raging Bolt|Protosynthesis|[silent]
|
|upkeep
|c|☆goshdarnittt|welp
|c|☆thebambi1234|oops
|
|t:|1781197231
|switch|p1a: Tentacruel|Tentacruel, F|50/100
|switch|p2a: Corviknight|Corviknight, M|50/100
|-damage|p1a: Tentacruel|38/100|[from] Stealth Rock
|-ability|p2a: Corviknight|Pressure
|turn|25
|
|t:|1781197234
|move|p1a: Tentacruel|Rapid Spin|p2a: Corviknight
|-resisted|p2a: Corviknight
|-damage|p2a: Corviknight|48/100
|-boost|p1a: Tentacruel|spe|1
|-damage|p1a: Tentacruel|21/100|[from] item: Rocky Helmet|[of] p2a: Corviknight
|-sideend|p1: goshdarnittt|Stealth Rock|[from] move: Rapid Spin|[of] p1a: Tentacruel
|move|p2a: Corviknight|Roost|p2a: Corviknight
|-heal|p2a: Corviknight|98/100
|-singleturn|p2a: Corviknight|move: Roost
|
|upkeep
|turn|26
|
|t:|1781197239
|move|p1a: Tentacruel|Knock Off|p2a: Corviknight
|-damage|p2a: Corviknight|88/100
|-damage|p1a: Tentacruel|5/100|[from] item: Rocky Helmet|[of] p2a: Corviknight
|-enditem|p2a: Corviknight|Rocky Helmet|[from] move: Knock Off|[of] p1a: Tentacruel
|move|p2a: Corviknight|Body Press|p1a: Tentacruel
|-resisted|p1a: Tentacruel
|-damage|p1a: Tentacruel|0 fnt
|faint|p1a: Tentacruel
|
|upkeep
|
|t:|1781197242
|switch|p1a: Pawmot|Pawmot, M|37/100
|turn|27
|
|t:|1781197245
|move|p1a: Pawmot|Revival Blessing|p1a: Pawmot
|
|t:|1781197246
|-heal|p1: Raging Bolt|50/100|[from] move: Revival Blessing
|move|p2a: Corviknight|Body Press|p1a: Pawmot
|-damage|p1a: Pawmot|3/100
|
|upkeep
|turn|28
|
|t:|1781197253
|switch|p1a: Pelipper|Pelipper, F|51/100
|-weather|RainDance|[from] ability: Drizzle|[of] p1a: Pelipper
|switch|p2a: Gliscor|Gliscor, M, shiny|100/100 tox
|
|-weather|RainDance|[upkeep]
|upkeep
|turn|29
|
|t:|1781197257
|move|p2a: Gliscor|Protect|p2a: Gliscor
|-singleturn|p2a: Gliscor|Protect
|move|p1a: Pelipper|Surf|p2a: Gliscor
|-activate|p2a: Gliscor|move: Protect
|
|-weather|RainDance|[upkeep]
|upkeep
|turn|30
|
|t:|1781197261
|switch|p2a: Blissey|Blissey, F|91/100
|switch|p1a: Raging Bolt|Raging Bolt|50/100
|
|-weather|RainDance|[upkeep]
|-heal|p2a: Blissey|98/100|[from] item: Leftovers
|upkeep
|turn|31
|
|t:|1781197266
|-end|p1a: Raging Bolt|Protosynthesis|[silent]
|switch|p1a: Pelipper|Pelipper, F|51/100
|move|p2a: Blissey|Seismic Toss|p1a: Pelipper
|-damage|p1a: Pelipper|20/100
|
|-weather|RainDance|[upkeep]
|-heal|p2a: Blissey|100/100|[from] item: Leftovers
|upkeep
|turn|32
|
|t:|1781197271
|switch|p2a: Corviknight|Corviknight, M|88/100
|-ability|p2a: Corviknight|Pressure
|move|p1a: Pelipper|Roost|p1a: Pelipper
|-heal|p1a: Pelipper|70/100
|-singleturn|p1a: Pelipper|move: Roost
|
|-weather|RainDance|[upkeep]
|upkeep
|turn|33
|j| espurr
|
|t:|1781197276
|switch|p2a: Blissey|Blissey, F|100/100
|move|p1a: Pelipper|Surf|p2a: Blissey
|-damage|p2a: Blissey|87/100
|
|-weather|RainDance|[upkeep]
|-heal|p2a: Blissey|93/100|[from] item: Leftovers
|upkeep
|turn|34
|
|t:|1781197278
|move|p1a: Pelipper|Roost|p1a: Pelipper
|-heal|p1a: Pelipper|100/100
|-singleturn|p1a: Pelipper|move: Roost
|move|p2a: Blissey|Seismic Toss|p1a: Pelipper
|-damage|p1a: Pelipper|70/100
|
|-weather|RainDance|[upkeep]
|-heal|p2a: Blissey|99/100|[from] item: Leftovers
|upkeep
|turn|35
|
|t:|1781197282
|move|p1a: Pelipper|Hurricane|p2a: Blissey
|-damage|p2a: Blissey|90/100
|-start|p2a: Blissey|confusion
|-activate|p2a: Blissey|confusion
|-damage|p2a: Blissey|88/100|[from] confusion
|
|-weather|none
|-heal|p2a: Blissey|94/100|[from] item: Leftovers
|upkeep
|turn|36
|
|t:|1781197286
|move|p1a: Pelipper|U-turn|p2a: Blissey
|-damage|p2a: Blissey|79/100
|
|t:|1781197287
|switch|p1a: Pawmot|Pawmot, M|3/100|[from] U-turn
|-activate|p2a: Blissey|confusion
|-damage|p2a: Blissey|77/100|[from] confusion
|
|-heal|p2a: Blissey|83/100|[from] item: Leftovers
|upkeep
|turn|37
|
|t:|1781197291
|switch|p1a: Pelipper|Pelipper, F|70/100
|-weather|RainDance|[from] ability: Drizzle|[of] p1a: Pelipper
|switch|p2a: Gliscor|Gliscor, M, shiny|100/100 tox
|
|-weather|RainDance|[upkeep]
|upkeep
|turn|38
|
|t:|1781197294
|switch|p2a: Blissey|Blissey, F|83/100
|move|p1a: Pelipper|U-turn|p2a: Blissey
|-damage|p2a: Blissey|66/100
|
|t:|1781197296
|switch|p1a: Barraskewda|Barraskewda, F|34/100|[from] U-turn
|
|-weather|RainDance|[upkeep]
|-heal|p2a: Blissey|72/100|[from] item: Leftovers
|upkeep
|turn|39
|
|t:|1781197299
|switch|p2a: Dondozo|Dondozo, F|87/100
|move|p1a: Barraskewda|Flip Turn|p2a: Dondozo
|-resisted|p2a: Dondozo
|-damage|p2a: Dondozo|74/100
|
|t:|1781197301
|switch|p1a: Raging Bolt|Raging Bolt|50/100|[from] Flip Turn
|
|-weather|RainDance|[upkeep]
|-heal|p2a: Dondozo|80/100|[from] item: Leftovers
|upkeep
|turn|40
|
|t:|1781197305
|-end|p1a: Raging Bolt|Protosynthesis|[silent]
|switch|p1a: Barraskewda|Barraskewda, F|34/100
|switch|p2a: Blissey|Blissey, F|72/100
|
|-weather|RainDance|[upkeep]
|-heal|p2a: Blissey|79/100|[from] item: Leftovers
|upkeep
|turn|41
|
|t:|1781197309
|switch|p2a: Dondozo|Dondozo, F|80/100
|move|p1a: Barraskewda|Flip Turn|p2a: Dondozo
|-resisted|p2a: Dondozo
|-damage|p2a: Dondozo|66/100
|
|t:|1781197313
|switch|p1a: Raging Bolt|Raging Bolt|50/100|[from] Flip Turn
|
|-weather|RainDance|[upkeep]
|-heal|p2a: Dondozo|72/100|[from] item: Leftovers
|upkeep
|turn|42
|
|t:|1781197316
|switch|p2a: Blissey|Blissey, F|79/100
|move|p1a: Raging Bolt|Draco Meteor|p2a: Blissey
|-damage|p2a: Blissey|50/100
|-unboost|p1a: Raging Bolt|spa|2
|-damage|p1a: Raging Bolt|41/100|[from] item: Life Orb
|
|-weather|RainDance|[upkeep]
|-heal|p2a: Blissey|56/100|[from] item: Leftovers
|upkeep
|turn|43
|
|t:|1781197320
|-end|p1a: Raging Bolt|Protosynthesis|[silent]
|switch|p1a: Pelipper|Pelipper, F|70/100
|move|p2a: Blissey|Soft-Boiled|p2a: Blissey
|-heal|p2a: Blissey|100/100
|
|-weather|RainDance|[upkeep]
|upkeep
|turn|44
|
|t:|1781197323
|move|p1a: Pelipper|Roost|p1a: Pelipper
|-heal|p1a: Pelipper|100/100
|-singleturn|p1a: Pelipper|move: Roost
|move|p2a: Blissey|Seismic Toss|p1a: Pelipper
|-damage|p1a: Pelipper|70/100
|
|-weather|none
|upkeep
|turn|45
|
|t:|1781197327
|move|p1a: Pelipper|Hurricane|p2a: Blissey|[miss]
|-miss|p1a: Pelipper|p2a: Blissey
|move|p2a: Blissey|Seismic Toss|p1a: Pelipper
|-damage|p1a: Pelipper|39/100
|
|upkeep
|turn|46
|
|t:|1781197329
|move|p1a: Pelipper|Roost|p1a: Pelipper
|-heal|p1a: Pelipper|89/100
|-singleturn|p1a: Pelipper|move: Roost
|move|p2a: Blissey|Seismic Toss|p1a: Pelipper
|-damage|p1a: Pelipper|58/100
|
|upkeep
|turn|47
|
|t:|1781197332
|move|p1a: Pelipper|Hurricane|p2a: Blissey|[miss]
|-miss|p1a: Pelipper|p2a: Blissey
|move|p2a: Blissey|Seismic Toss|p1a: Pelipper
|-damage|p1a: Pelipper|27/100
|
|upkeep
|turn|48
|
|t:|1781197334
|move|p1a: Pelipper|Roost|p1a: Pelipper
|-heal|p1a: Pelipper|77/100
|-singleturn|p1a: Pelipper|move: Roost
|move|p2a: Blissey|Seismic Toss|p1a: Pelipper
|-damage|p1a: Pelipper|46/100
|
|upkeep
|turn|49
|
|t:|1781197338
|move|p1a: Pelipper|Roost|p1a: Pelipper
|-heal|p1a: Pelipper|96/100
|-singleturn|p1a: Pelipper|move: Roost
|move|p2a: Blissey|Seismic Toss|p1a: Pelipper
|-damage|p1a: Pelipper|65/100
|
|upkeep
|turn|50
|
|t:|1781197343
|move|p1a: Pelipper|Hurricane|p2a: Blissey
|-damage|p2a: Blissey|90/100
|move|p2a: Blissey|Seismic Toss|p1a: Pelipper
|-damage|p1a: Pelipper|34/100
|
|-heal|p2a: Blissey|96/100|[from] item: Leftovers
|upkeep
|turn|51
|
|t:|1781197345
|move|p1a: Pelipper|Roost|p1a: Pelipper
|-heal|p1a: Pelipper|84/100
|-singleturn|p1a: Pelipper|move: Roost
|move|p2a: Blissey|Seismic Toss|p1a: Pelipper
|-damage|p1a: Pelipper|53/100
|
|-heal|p2a: Blissey|100/100|[from] item: Leftovers
|upkeep
|turn|52
|
|t:|1781197357
|move|p1a: Pelipper|Hurricane|p2a: Blissey
|-damage|p2a: Blissey|90/100
|move|p2a: Blissey|Seismic Toss|p1a: Pelipper
|-damage|p1a: Pelipper|22/100
|
|-heal|p2a: Blissey|96/100|[from] item: Leftovers
|upkeep
|turn|53
|
|t:|1781197359
|move|p1a: Pelipper|Roost|p1a: Pelipper
|-heal|p1a: Pelipper|73/100
|-singleturn|p1a: Pelipper|move: Roost
|move|p2a: Blissey|Seismic Toss|p1a: Pelipper
|-damage|p1a: Pelipper|42/100
|
|-heal|p2a: Blissey|100/100|[from] item: Leftovers
|upkeep
|turn|54
|
|t:|1781197368
|move|p1a: Pelipper|U-turn|p2a: Blissey
|-damage|p2a: Blissey|84/100
|
|t:|1781197369
|switch|p1a: Pawmot|Pawmot, M|3/100|[from] U-turn
|move|p2a: Blissey|Seismic Toss|p1a: Pawmot
|-damage|p1a: Pawmot|0 fnt
|faint|p1a: Pawmot
|
|-heal|p2a: Blissey|90/100|[from] item: Leftovers
|upkeep
|
|t:|1781197371
|switch|p1a: Barraskewda|Barraskewda, F|34/100
|turn|55
|
|t:|1781197380
|switch|p2a: Dondozo|Dondozo, F|72/100
|move|p1a: Barraskewda|Flip Turn|p2a: Dondozo
|-resisted|p2a: Dondozo
|-damage|p2a: Dondozo|64/100
|
|t:|1781197383
|switch|p1a: Raging Bolt|Raging Bolt|41/100|[from] Flip Turn
|
|-heal|p2a: Dondozo|70/100|[from] item: Leftovers
|upkeep
|turn|56
|
|t:|1781197387
|-end|p1a: Raging Bolt|Protosynthesis|[silent]
|switch|p1a: Barraskewda|Barraskewda, F|34/100
|switch|p2a: Blissey|Blissey, F|90/100
|
|-heal|p2a: Blissey|96/100|[from] item: Leftovers
|upkeep
|turn|57
|
|t:|1781197390
|switch|p2a: Dondozo|Dondozo, F|70/100
|move|p1a: Barraskewda|Flip Turn|p2a: Dondozo
|-resisted|p2a: Dondozo
|-damage|p2a: Dondozo|62/100
|
|t:|1781197401
|switch|p1a: Raging Bolt|Raging Bolt|41/100|[from] Flip Turn
|
|-heal|p2a: Dondozo|68/100|[from] item: Leftovers
|upkeep
|turn|58
|
|t:|1781197405
|switch|p2a: Blissey|Blissey, F|96/100
|move|p1a: Raging Bolt|Thunder|p2a: Blissey
|-damage|p2a: Blissey|72/100
|-damage|p1a: Raging Bolt|31/100|[from] item: Life Orb
|
|-heal|p2a: Blissey|78/100|[from] item: Leftovers
|upkeep
|turn|59
|
|t:|1781197411
|move|p1a: Raging Bolt|Thunder|p2a: Blissey|[miss]
|-miss|p1a: Raging Bolt|p2a: Blissey
|move|p2a: Blissey|Seismic Toss|p1a: Raging Bolt
|-damage|p1a: Raging Bolt|9/100
|
|-heal|p2a: Blissey|85/100|[from] item: Leftovers
|upkeep
|turn|60
|
|t:|1781197414
|move|p1a: Raging Bolt|Thunder|p2a: Blissey
|-damage|p2a: Blissey|63/100
|-status|p2a: Blissey|par
|-damage|p1a: Raging Bolt|0 fnt|[from] item: Life Orb
|faint|p1a: Raging Bolt
|-end|p1a: Raging Bolt|Protosynthesis|[silent]
|cant|p2a: Blissey|par
|
|-heal|p2a: Blissey|69/100 par|[from] item: Leftovers
|upkeep
|
|t:|1781197417
|switch|p1a: Pelipper|Pelipper, F|42/100
|-weather|RainDance|[from] ability: Drizzle|[of] p1a: Pelipper
|turn|61
|
|t:|1781197419
|move|p1a: Pelipper|U-turn|p2a: Blissey
|-damage|p2a: Blissey|51/100 par
|
|t:|1781197421
|switch|p1a: Barraskewda|Barraskewda, F|34/100|[from] U-turn
|move|p2a: Blissey|Seismic Toss|p1a: Barraskewda
|-damage|p1a: Barraskewda|0 fnt
|faint|p1a: Barraskewda
|
|-weather|RainDance|[upkeep]
|-heal|p2a: Blissey|57/100 par|[from] item: Leftovers
|upkeep
|
|t:|1781197424
|switch|p1a: Golduck|Golduck, M|34/100
|turn|62
|
|t:|1781197426
|-terastallize|p1a: Golduck|Ghost
|move|p1a: Golduck|Nasty Plot|p1a: Golduck
|-boost|p1a: Golduck|spa|2
|move|p2a: Blissey|Seismic Toss|p1a: Golduck
|-immune|p1a: Golduck
|
|-weather|RainDance|[upkeep]
|-heal|p2a: Blissey|64/100 par|[from] item: Leftovers
|upkeep
|turn|63
|
|t:|1781197431
|-curestatus|p2a: Blissey|par|[from] ability: Natural Cure|[silent]
|switch|p2a: Dondozo|Dondozo, F|68/100
|move|p1a: Golduck|Nasty Plot|p1a: Golduck
|-boost|p1a: Golduck|spa|2
|
|-weather|RainDance|[upkeep]
|-heal|p2a: Dondozo|74/100|[from] item: Leftovers
|upkeep
|turn|64
|
|t:|1781197435
|move|p1a: Golduck|Hydro Pump|p2a: Dondozo
|-resisted|p2a: Dondozo
|-damage|p2a: Dondozo|26/100
|-damage|p1a: Golduck|24/100|[from] item: Life Orb
|move|p2a: Dondozo|Waterfall|p1a: Golduck
|-damage|p1a: Golduck|0 fnt
|faint|p1a: Golduck
|
|-weather|RainDance|[upkeep]
|-heal|p2a: Dondozo|32/100|[from] item: Leftovers
|upkeep
|c|☆goshdarnittt|gg
|c|☆thebambi1234|ggs
|-message|goshdarnittt forfeited.
|
|win|thebambi1234
|raw|goshdarnittt's rating: 1631 &rarr; <strong>1612</strong><br />(-19 for losing)
|raw|thebambi1234's rating: 1653 &rarr; <strong>1672</strong><br />(+19 for winning)
|l|☆goshdarnittt
|player|p1|
|l|☆thebambi1234
|player|p2|
|l| espurr
