|j|☆Thederpa1
|j|☆xp180
|t:|1781198146
|gametype|singles
|player|p1|Thederpa1|swimmer-gen4dp|1523
|player|p2|xp180|102|1559
|gen|9
|tier|[Gen 9] OU
|rated|
|rule|HP Percentage Mod: HP is shown in percentages
|rule|Endless Battle Clause: Forcing endless battles is banned
|rule|Species Clause: Limit one of each Pokémon
|rule|OHKO Clause: OHKO moves are banned
|rule|Evasion Items Clause: Evasion items are banned
|rule|Evasion Moves Clause: Evasion moves are banned
|rule|Evasion Abilities Clause: Evasion abilities are banned
|rule|Sleep Moves Clause: Sleep-inducing moves are banned
|clearpoke
|poke|p1|Ceruledge, F|
|poke|p1|Oricorio-Pom-Pom, F|
|poke|p1|Tentacruel, M|
|poke|p1|Iron Valiant|
|poke|p1|Landorus-Therian, M|
|poke|p1|Heatran, F|
|poke|p2|Araquanid, F|
|poke|p2|Gholdengo|
|poke|p2|Raging Bolt|
|poke|p2|Iron Valiant|
|poke|p2|Ceruledge, M|
|poke|p2|Deoxys-Speed|
|teampreview
|
|t:|1781198158
|teamsize|p1|6
|teamsize|p2|6
|start
|switch|p1a: Tentacruel|Tentacruel, M|100/100
|switch|p2a: Araquanid|Araquanid, F|100/100
|turn|1
|
|t:|1781198164
|move|p1a: Tentacruel|Toxic|p2a: Araquanid
|-status|p2a: Araquanid|tox
|move|p2a: Araquanid|Sticky Web|p1a: Tentacruel
|-sidestart|p1: Thederpa1|move: Sticky Web
|
|-damage|p2a: Araquanid|94/100 tox|[from] psn
|upkeep
|turn|2
|
|t:|1781198172
|switch|p2a: Gholdengo|Gholdengo|100/100
|-item|p2a: Gholdengo|Air Balloon
|move|p1a: Tentacruel|Toxic|p2a: Gholdengo
|-immune|p2a: Gholdengo|[from] ability: Good as Gold
|
|upkeep
|turn|3
|
|t:|1781198177
|move|p1a: Tentacruel|Surf|p2a: Gholdengo
|-damage|p2a: Gholdengo|73/100
|-enditem|p2a: Gholdengo|Air Balloon
|move|p2a: Gholdengo|Nasty Plot|p2a: Gholdengo
|-boost|p2a: Gholdengo|spa|2
|
|upkeep
|turn|4
|
|t:|1781198184
|switch|p1a: Heatran|Heatran, F|100/100
|-activate|p1a: Heatran|move: Sticky Web
|-unboost|p1a: Heatran|spe|1
|move|p2a: Gholdengo|Shadow Ball|p1a: Heatran
|-damage|p1a: Heatran|41/100
|
|-heal|p1a: Heatran|47/100|[from] item: Leftovers
|upkeep
|turn|5
|
|t:|1781198187
|move|p2a: Gholdengo|Shadow Ball|p1a: Heatran
|-damage|p1a: Heatran|0 fnt
|faint|p1a: Heatran
|
|upkeep
|
|t:|1781198194
|switch|p1a: Ceruledge|Ceruledge, F|100/100
|turn|6
|
|t:|1781198202
|move|p1a: Ceruledge|Bitter Blade|p2a: Gholdengo
|-supereffective|p2a: Gholdengo
|-damage|p2a: Gholdengo|0 fnt
|faint|p2a: Gholdengo
|
|upkeep
|
|t:|1781198207
|switch|p2a: Raging Bolt|Raging Bolt|100/100
|-enditem|p2a: Raging Bolt|Booster Energy
|-activate|p2a: Raging Bolt|ability: Protosynthesis|[fromitem]
|-start|p2a: Raging Bolt|protosynthesisspa
|turn|7
|
|t:|1781198214
|switch|p1a: Iron Valiant|Iron Valiant|100/100
|-activate|p1a: Iron Valiant|move: Sticky Web
|-unboost|p1a: Iron Valiant|spe|1
|-enditem|p1a: Iron Valiant|Booster Energy
|-activate|p1a: Iron Valiant|ability: Quark Drive|[fromitem]
|-start|p1a: Iron Valiant|quarkdriveatk
|move|p2a: Raging Bolt|Thunderbolt|p1a: Iron Valiant
|-damage|p1a: Iron Valiant|0 fnt
|faint|p1a: Iron Valiant
|-end|p1a: Iron Valiant|Quark Drive|[silent]
|
|upkeep
|
|t:|1781198224
|switch|p1a: Landorus|Landorus-Therian, M|100/100
|-ability|p1a: Landorus|Intimidate|boost
|-unboost|p2a: Raging Bolt|atk|1
|turn|8
|
|t:|1781198227
|-end|p2a: Raging Bolt|Protosynthesis|[silent]
|switch|p2a: Araquanid|Araquanid, F|94/100 tox
|move|p1a: Landorus|Earth Power|p2a: Araquanid
|-resisted|p2a: Araquanid
|-damage|p2a: Araquanid|83/100 tox
|
|-damage|p2a: Araquanid|77/100 tox|[from] psn
|upkeep
|turn|9
|
|t:|1781198232
|move|p1a: Landorus|U-turn|p2a: Araquanid
|-crit|p2a: Araquanid
|-damage|p2a: Araquanid|47/100 tox
|
|t:|1781198235
|switch|p1a: Tentacruel|Tentacruel, M|100/100|[from] U-turn
|move|p2a: Araquanid|Surf|p1a: Tentacruel
|-resisted|p1a: Tentacruel
|-damage|p1a: Tentacruel|83/100
|
|-damage|p2a: Araquanid|34/100 tox|[from] psn
|upkeep
|turn|10
|
|t:|1781198241
|switch|p2a: Ceruledge|Ceruledge, M|100/100
|move|p1a: Tentacruel|Rapid Spin|p2a: Ceruledge
|-immune|p2a: Ceruledge
|
|upkeep
|turn|11
|
|t:|1781198245
|-terastallize|p2a: Ceruledge|Grass
|move|p1a: Tentacruel|Surf|p2a: Ceruledge
|-resisted|p2a: Ceruledge
|-damage|p2a: Ceruledge|85/100
|move|p2a: Ceruledge|Swords Dance|p2a: Ceruledge
|-boost|p2a: Ceruledge|atk|2
|
|upkeep
|turn|12
|
|t:|1781198251
|move|p1a: Tentacruel|Sludge Bomb|p2a: Ceruledge
|-supereffective|p2a: Ceruledge
|-damage|p2a: Ceruledge|25/100
|move|p2a: Ceruledge|Close Combat|p1a: Tentacruel
|-resisted|p1a: Tentacruel
|-damage|p1a: Tentacruel|27/100
|-unboost|p2a: Ceruledge|def|1
|-unboost|p2a: Ceruledge|spd|1
|
|upkeep
|turn|13
|
|t:|1781198257
|switch|p1a: Landorus|Landorus-Therian, M|100/100
|-ability|p1a: Landorus|Intimidate|boost
|-unboost|p2a: Ceruledge|atk|1
|move|p2a: Ceruledge|Shadow Sneak|p1a: Landorus
|-damage|p1a: Landorus|76/100
|-damage|p2a: Ceruledge|8/100|[from] item: Rocky Helmet|[of] p1a: Landorus
|
|upkeep
|turn|14
|
|t:|1781198262
|move|p2a: Ceruledge|Bitter Blade|p1a: Landorus
|-damage|p1a: Landorus|22/100
|-heal|p2a: Ceruledge|44/100|[from] drain|[of] p1a: Landorus
|-damage|p2a: Ceruledge|28/100|[from] item: Rocky Helmet|[of] p1a: Landorus
|move|p1a: Landorus|Stealth Rock|p2a: Ceruledge
|-sidestart|p2: xp180|move: Stealth Rock
|
|upkeep
|turn|15
|
|t:|1781198268
|switch|p1a: Ceruledge|Ceruledge, F|100/100
|move|p2a: Ceruledge|Bitter Blade|p1a: Ceruledge
|-resisted|p1a: Ceruledge
|-damage|p1a: Ceruledge|46/100
|-heal|p2a: Ceruledge|55/100|[from] drain|[of] p1a: Ceruledge
|-ability|p1a: Ceruledge|Weak Armor|boost
|-unboost|p1a: Ceruledge|def|1
|-boost|p1a: Ceruledge|spe|2
|
|upkeep
|turn|16
|
|t:|1781198276
|switch|p1a: Landorus|Landorus-Therian, M|22/100
|-ability|p1a: Landorus|Intimidate|boost
|-unboost|p2a: Ceruledge|atk|1
|move|p2a: Ceruledge|Shadow Sneak|p1a: Landorus
|-damage|p1a: Landorus|7/100
|-damage|p2a: Ceruledge|39/100|[from] item: Rocky Helmet|[of] p1a: Landorus
|
|upkeep
|turn|17
|
|t:|1781198282
|move|p2a: Ceruledge|Bitter Blade|p1a: Landorus
|-damage|p1a: Landorus|0 fnt
|-heal|p2a: Ceruledge|43/100|[from] drain|[of] p1a: Landorus
|-damage|p2a: Ceruledge|26/100|[from] item: Rocky Helmet|[of] p1a: Landorus
|faint|p1a: Landorus
|
|upkeep
|
|t:|1781198292
|switch|p1a: Ceruledge|Ceruledge, F|46/100
|turn|18
|
|t:|1781198297
|move|p1a: Ceruledge|Shadow Sneak|p2a: Ceruledge
|-damage|p2a: Ceruledge|0 fnt
|faint|p2a: Ceruledge
|
|upkeep
|
|t:|1781198301
|switch|p2a: Raging Bolt|Raging Bolt|100/100
|-damage|p2a: Raging Bolt|88/100|[from] Stealth Rock
|turn|19
|
|t:|1781198308
|move|p1a: Ceruledge|Shadow Sneak|p2a: Raging Bolt
|-damage|p2a: Raging Bolt|68/100
|move|p2a: Raging Bolt|Thunderbolt|p1a: Ceruledge
|-damage|p1a: Ceruledge|0 fnt
|faint|p1a: Ceruledge
|
|upkeep
|
|t:|1781198314
|switch|p1a: Oricorio|Oricorio-Pom-Pom, F|100/100
|turn|20
|
|t:|1781198318
|-terastallize|p1a: Oricorio|Ground
|move|p2a: Raging Bolt|Thunderbolt|p1a: Oricorio
|-immune|p1a: Oricorio
|move|p1a: Oricorio|Quiver Dance|p1a: Oricorio
|-boost|p1a: Oricorio|spa|1
|-boost|p1a: Oricorio|spd|1
|-boost|p1a: Oricorio|spe|1
|
|upkeep
|turn|21
|
|t:|1781198326
|move|p1a: Oricorio|Revelation Dance|p2a: Raging Bolt
|-supereffective|p2a: Raging Bolt
|-damage|p2a: Raging Bolt|0 fnt
|faint|p2a: Raging Bolt
|-end|p2a: Raging Bolt|Protosynthesis|[silent]
|
|upkeep
|
|t:|1781198337
|switch|p2a: Deoxys|Deoxys-Speed|100/100
|-damage|p2a: Deoxys|88/100|[from] Stealth Rock
|-ability|p2a: Deoxys|Pressure
|turn|22
|
|t:|1781198356
|move|p2a: Deoxys|Ice Beam|p1a: Oricorio
|-supereffective|p1a: Oricorio
|-damage|p1a: Oricorio|40/100
|-damage|p2a: Deoxys|79/100|[from] item: Life Orb
|move|p1a: Oricorio|Revelation Dance|p2a: Deoxys
|-damage|p2a: Deoxys|15/100
|
|upkeep
|turn|23
|
|t:|1781198374
|switch|p1a: Tentacruel|Tentacruel, M|27/100
|move|p2a: Deoxys|Ice Beam|p1a: Tentacruel
|-resisted|p1a: Tentacruel
|-damage|p1a: Tentacruel|13/100
|-damage|p2a: Deoxys|5/100|[from] item: Life Orb
|
|upkeep
|turn|24
|
|t:|1781198380
|move|p2a: Deoxys|Ice Beam|p1a: Tentacruel
|-resisted|p1a: Tentacruel
|-damage|p1a: Tentacruel|0 fnt
|faint|p1a: Tentacruel
|-damage|p2a: Deoxys|0 fnt|[from] item: Life Orb
|faint|p2a: Deoxys
|
|upkeep
|
|t:|1781198382
|switch|p2a: Iron Valiant|Iron Valiant|100/100
|switch|p1a: Oricorio|Oricorio-Pom-Pom, F, tera:Ground|40/100
|-damage|p2a: Iron Valiant|94/100|[from] Stealth Rock
|-enditem|p2a: Iron Valiant|Booster Energy
|-activate|p2a: Iron Valiant|ability: Quark Drive|[fromitem]
|-start|p2a: Iron Valiant|quarkdrivespa
|turn|25
|
|t:|1781198399
|move|p2a: Iron Valiant|Vacuum Wave|p1a: Oricorio
|-damage|p1a: Oricorio|5/100
|move|p1a: Oricorio|Roost|p1a: Oricorio
|-heal|p1a: Oricorio|55/100
|
|upkeep
|turn|26
|
|t:|1781198404
|move|p2a: Iron Valiant|Moonblast|p1a: Oricorio
|-damage|p1a: Oricorio|0 fnt
|faint|p1a: Oricorio
|
|win|xp180
|raw|Thederpa1's rating: 1523 &rarr; <strong>1505</strong><br />(-18 for losing)
|raw|xp180's rating: 1559 &rarr; <strong>1577</strong><br />(+18 for winning)
|l|☆Thederpa1
|player|p1|
|l|☆xp180
|player|p2|
