|j|☆hdy nb
|j|☆mastersannin
|t:|1781092820
|gametype|singles
|player|p1|hdy nb|colress|1556
|player|p2|mastersannin|169|1584
|gen|9
|tier|[Gen 9] OU
|rated|
|rule|HP Percentage Mod: HP is shown in percentages
|rule|Endless Battle Clause: Forcing endless battles is banned
|rule|Species Clause: Limit one of each Pokémon
|rule|OHKO Clause: OHKO moves are banned
|rule|Evasion Items Clause: Evasion items are banned
|rule|Evasion Moves Clause: Evasion moves are banned
|rule|Evasion Abilities Clause: Evasion abilities are banned
|rule|Sleep Moves Clause: Sleep-inducing moves are banned
|clearpoke
|poke|p1|Pelipper, F|
|poke|p1|Zapdos|
|poke|p1|Barraskewda, M|
|poke|p1|Overqwil, M|
|poke|p1|Iron Treads|
|poke|p1|Primarina, M|
|poke|p2|Samurott-Hisui, F|
|poke|p2|Zapdos|
|poke|p2|Iron Treads|
|poke|p2|Ceruledge, M|
|poke|p2|Gholdengo|
|poke|p2|Kingambit, M|
|teampreview
|inactive|Battle timer is ON: inactive players will automatically lose when time's up. (requested by mastersannin)
|
|t:|1781092830
|teamsize|p1|6
|teamsize|p2|6
|start
|switch|p1a: Primarina|Primarina, M|100/100
|switch|p2a: Samurott|Samurott-Hisui, F|100/100
|turn|1
|inactive|mastersannin has 120 seconds left.
|
|t:|1781092864
|-terastallize|p2a: Samurott|Poison
|move|p2a: Samurott|Razor Shell|p1a: Primarina
|-resisted|p1a: Primarina
|-damage|p1a: Primarina|74/100
|move|p1a: Primarina|Moonblast|p2a: Samurott
|-resisted|p2a: Samurott
|-damage|p2a: Samurott|81/100
|-unboost|p2a: Samurott|spa|1
|
|-heal|p1a: Primarina|80/100|[from] item: Leftovers
|upkeep
|turn|2
|
|t:|1781092881
|move|p2a: Samurott|Ceaseless Edge|p1a: Primarina
|-resisted|p1a: Primarina
|-damage|p1a: Primarina|52/100
|-sidestart|p1: hdy nb|Spikes
|move|p1a: Primarina|Hyper Voice|p2a: Samurott
|-damage|p2a: Samurott|48/100
|
|-heal|p1a: Primarina|58/100|[from] item: Leftovers
|upkeep
|turn|3
|
|t:|1781092892
|move|p2a: Samurott|Razor Shell|p1a: Primarina
|-resisted|p1a: Primarina
|-crit|p1a: Primarina
|-damage|p1a: Primarina|18/100
|move|p1a: Primarina|Calm Mind|p1a: Primarina
|-boost|p1a: Primarina|spa|1
|-boost|p1a: Primarina|spd|1
|
|-heal|p1a: Primarina|24/100|[from] item: Leftovers
|upkeep
|turn|4
|
|t:|1781092902
|move|p2a: Samurott|Ceaseless Edge|p1a: Primarina
|-resisted|p1a: Primarina
|-damage|p1a: Primarina|0 fnt
|-sidestart|p1: hdy nb|Spikes
|faint|p1a: Primarina
|
|upkeep
|
|t:|1781092909
|switch|p1a: Iron Treads|Iron Treads|100/100
|-damage|p1a: Iron Treads|84/100|[from] Spikes
|turn|5
|inactive|hdy nb has 120 seconds left.
|
|t:|1781092926
|move|p1a: Iron Treads|Rapid Spin|p2a: Samurott
|-damage|p2a: Samurott|31/100
|-boost|p1a: Iron Treads|spe|1
|-sideend|p1: hdy nb|Spikes|[from] move: Rapid Spin|[of] p1a: Iron Treads
|move|p2a: Samurott|Razor Shell|p1a: Iron Treads
|-supereffective|p1a: Iron Treads
|-damage|p1a: Iron Treads|0 fnt
|faint|p1a: Iron Treads
|-end|p1a: Iron Treads|Quark Drive|[silent]
|
|upkeep
|inactive|hdy nb has 120 seconds left.
|
|t:|1781092943
|switch|p1a: Barraskewda|Barraskewda, M|100/100
|turn|6
|
|t:|1781092947
|move|p2a: Samurott|Sucker Punch|p1a: Barraskewda
|-damage|p1a: Barraskewda|45/100
|move|p1a: Barraskewda|Liquidation|p2a: Samurott
|-damage|p2a: Samurott|0 fnt
|faint|p2a: Samurott
|
|upkeep
|
|t:|1781092953
|switch|p2a: Zapdos|Zapdos|100/100
|turn|7
|
|t:|1781092967
|move|p1a: Barraskewda|Liquidation|p2a: Zapdos
|-damage|p2a: Zapdos|49/100
|-status|p1a: Barraskewda|par|[from] ability: Static|[of] p2a: Zapdos
|move|p2a: Zapdos|Volt Switch|p1a: Barraskewda
|-supereffective|p1a: Barraskewda
|-damage|p1a: Barraskewda|0 fnt
|faint|p1a: Barraskewda
|
|t:|1781092988
|switch|p2a: Iron Treads|Iron Treads|100/100|[from] Volt Switch
|
|upkeep
|
|t:|1781092992
|switch|p1a: Pelipper|Pelipper, F|100/100
|-weather|RainDance|[from] ability: Drizzle|[of] p1a: Pelipper
|turn|8
|
|t:|1781092997
|move|p2a: Iron Treads|Stealth Rock|p1a: Pelipper
|-sidestart|p1: hdy nb|move: Stealth Rock
|move|p1a: Pelipper|U-turn|p2a: Iron Treads
|-resisted|p2a: Iron Treads
|-damage|p2a: Iron Treads|97/100
|
|t:|1781093004
|switch|p1a: Zapdos|Zapdos|100/100|[from] U-turn
|-damage|p1a: Zapdos|75/100|[from] Stealth Rock
|
|-weather|RainDance|[upkeep]
|-heal|p2a: Iron Treads|100/100|[from] item: Leftovers
|-heal|p1a: Zapdos|82/100|[from] item: Leftovers
|upkeep
|turn|9
|
|t:|1781093013
|move|p2a: Iron Treads|Knock Off|p1a: Zapdos
|-damage|p1a: Zapdos|52/100
|-enditem|p1a: Zapdos|Leftovers|[from] move: Knock Off|[of] p2a: Iron Treads
|move|p1a: Zapdos|Weather Ball|p2a: Iron Treads
|-supereffective|p2a: Iron Treads
|-damage|p2a: Iron Treads|0 fnt
|faint|p2a: Iron Treads
|-end|p2a: Iron Treads|Quark Drive|[silent]
|
|-weather|RainDance|[upkeep]
|upkeep
|
|t:|1781093028
|switch|p2a: Zapdos|Zapdos|49/100
|turn|10
|
|t:|1781093031
|move|p2a: Zapdos|Hurricane|p1a: Zapdos
|-resisted|p1a: Zapdos
|-damage|p1a: Zapdos|31/100
|move|p1a: Zapdos|Thunder|p2a: Zapdos
|-damage|p2a: Zapdos|0 fnt
|faint|p2a: Zapdos
|
|-weather|RainDance|[upkeep]
|upkeep
|
|t:|1781093040
|switch|p2a: Gholdengo|Gholdengo|100/100
|-item|p2a: Gholdengo|Air Balloon
|turn|11
|
|t:|1781093048
|move|p1a: Zapdos|Roost|p1a: Zapdos
|-heal|p1a: Zapdos|81/100
|-singleturn|p1a: Zapdos|move: Roost
|move|p2a: Gholdengo|Hex|p1a: Zapdos
|-damage|p1a: Zapdos|54/100
|
|-weather|RainDance|[upkeep]
|upkeep
|turn|12
|
|t:|1781093059
|move|p1a: Zapdos|Thunder|p2a: Gholdengo
|-damage|p2a: Gholdengo|39/100
|-enditem|p2a: Gholdengo|Air Balloon
|move|p2a: Gholdengo|Recover|p2a: Gholdengo
|-heal|p2a: Gholdengo|89/100
|
|-weather|RainDance|[upkeep]
|upkeep
|turn|13
|
|t:|1781093076
|move|p1a: Zapdos|Thunder|p2a: Gholdengo
|-damage|p2a: Gholdengo|30/100
|move|p2a: Gholdengo|Hex|p1a: Zapdos
|-damage|p1a: Zapdos|28/100
|
|-weather|RainDance|[upkeep]
|upkeep
|turn|14
|
|t:|1781093085
|move|p1a: Zapdos|Thunder|p2a: Gholdengo
|-damage|p2a: Gholdengo|0 fnt
|faint|p2a: Gholdengo
|
|-weather|RainDance|[upkeep]
|upkeep
|
|t:|1781093091
|switch|p2a: Ceruledge|Ceruledge, M|100/100
|turn|15
|
|t:|1781093109
|move|p2a: Ceruledge|Shadow Sneak|p1a: Zapdos
|-damage|p1a: Zapdos|3/100
|-status|p2a: Ceruledge|par|[from] ability: Static|[of] p1a: Zapdos
|move|p1a: Zapdos|Weather Ball|p2a: Ceruledge
|-supereffective|p2a: Ceruledge
|-damage|p2a: Ceruledge|0 fnt
|faint|p2a: Ceruledge
|
|-weather|none
|upkeep
|
|t:|1781093112
|switch|p2a: Kingambit|Kingambit, M|100/100
|-activate|p2a: Kingambit|ability: Supreme Overlord
|-start|p2a: Kingambit|fallen5|[silent]
|turn|16
|
|t:|1781093123
|move|p1a: Zapdos|Roost|p1a: Zapdos
|-heal|p1a: Zapdos|53/100
|-singleturn|p1a: Zapdos|move: Roost
|move|p2a: Kingambit|Swords Dance|p2a: Kingambit
|-boost|p2a: Kingambit|atk|2
|
|upkeep
|turn|17
|
|t:|1781093150
|move|p1a: Zapdos|Roost|p1a: Zapdos
|-heal|p1a: Zapdos|100/100
|-singleturn|p1a: Zapdos|move: Roost
|move|p2a: Kingambit|Swords Dance|p2a: Kingambit
|-boost|p2a: Kingambit|atk|2
|
|upkeep
|turn|18
|
|t:|1781093162
|move|p2a: Kingambit|Sucker Punch||[still]
|-fail|p2a: Kingambit
|move|p1a: Zapdos|Roost||[still]
|-fail|p1a: Zapdos|heal
|
|upkeep
|turn|19
|
|t:|1781093182
|move|p1a: Zapdos|Thunder|p2a: Kingambit
|-damage|p2a: Kingambit|30/100
|move|p2a: Kingambit|Swords Dance|p2a: Kingambit
|-boost|p2a: Kingambit|atk|2
|
|-heal|p2a: Kingambit|36/100|[from] item: Leftovers
|upkeep
|turn|20
|
|t:|1781093193
|switch|p1a: Pelipper|Pelipper, F|100/100
|-damage|p1a: Pelipper|76/100|[from] Stealth Rock
|-weather|RainDance|[from] ability: Drizzle|[of] p1a: Pelipper
|move|p2a: Kingambit|Sucker Punch||[still]
|-fail|p2a: Kingambit
|
|-weather|RainDance|[upkeep]
|-heal|p2a: Kingambit|42/100|[from] item: Leftovers
|upkeep
|turn|21
|inactive|hdy nb has 120 seconds left.
|
|t:|1781093213
|move|p2a: Kingambit|Iron Head|p1a: Pelipper
|-resisted|p1a: Pelipper
|-damage|p1a: Pelipper|0 fnt
|faint|p1a: Pelipper
|
|-weather|RainDance|[upkeep]
|-heal|p2a: Kingambit|49/100|[from] item: Leftovers
|upkeep
|
|t:|1781093222
|switch|p1a: Overqwil|Overqwil, M|100/100
|-damage|p1a: Overqwil|88/100|[from] Stealth Rock
|turn|22
|inactive|hdy nb has 120 seconds left.
|
|t:|1781093230
|move|p1a: Overqwil|Liquidation|p2a: Kingambit
|-damage|p2a: Kingambit|0 fnt
|faint|p2a: Kingambit
|-end|p2a: Kingambit|fallen5|[silent]
|-damage|p1a: Overqwil|78/100|[from] item: Life Orb
|
|win|hdy nb
|raw|hdy nb's rating: 1556 &rarr; <strong>1578</strong><br />(+22 for winning)
|raw|mastersannin's rating: 1584 &rarr; <strong>1562</strong><br />(-22 for losing)
|l|☆mastersannin
|player|p2|
|l|☆hdy nb
|player|p1|
