|j|‽SWAGGER_W2F
|j|☆jhondo
|t:|1781519116
|gametype|singles
|player|p1|SWAGGER_W2F|flint|1565
|player|p2|jhondo|youngster-gen4dp|1523
|gen|9
|tier|[Gen 9] OU
|rated|
|rule|HP Percentage Mod: HP is shown in percentages
|rule|Endless Battle Clause: Forcing endless battles is banned
|rule|Species Clause: Limit one of each Pokémon
|rule|OHKO Clause: OHKO moves are banned
|rule|Evasion Items Clause: Evasion items are banned
|rule|Evasion Moves Clause: Evasion moves are banned
|rule|Evasion Abilities Clause: Evasion abilities are banned
|rule|Sleep Moves Clause: Sleep-inducing moves are banned
|clearpoke
|poke|p1|Ceruledge, F|
|poke|p1|Scizor, M|
|poke|p1|Raging Bolt|
|poke|p1|Primarina, F|
|poke|p1|Mandibuzz, F|
|poke|p1|Great Tusk|
|poke|p2|Latias, F|
|poke|p2|Glimmora, M|
|poke|p2|Zamazenta-*|
|poke|p2|Dragonite, M|
|poke|p2|Weavile, F|
|poke|p2|Gholdengo|
|teampreview
|inactive|Battle timer is ON: inactive players will automatically lose when time's up. (requested by jhondo)
|
|t:|1781519131
|teamsize|p1|6
|teamsize|p2|6
|start
|switch|p1a: Raging Bolt|Raging Bolt|100/100
|switch|p2a: Glimmora|Glimmora, M|100/100
|turn|1
|
|t:|1781519136
|move|p2a: Glimmora|Earth Power|p1a: Raging Bolt
|-supereffective|p1a: Raging Bolt
|-damage|p1a: Raging Bolt|37/100
|move|p1a: Raging Bolt|Thunderbolt|p2a: Glimmora
|-enditem|p2a: Glimmora|Focus Sash
|-damage|p2a: Glimmora|1/100
|
|upkeep
|turn|2
|
|t:|1781519148
|-end|p1a: Raging Bolt|Protosynthesis|[silent]
|switch|p1a: Scizor|Scizor, M|100/100
|move|p2a: Glimmora|Stealth Rock|p1a: Scizor
|-sidestart|p1: SWAGGER_W2F|move: Stealth Rock
|
|upkeep
|turn|3
|
|t:|1781519154
|switch|p2a: Gholdengo|Gholdengo|100/100
|move|p1a: Scizor|Bullet Punch|p2a: Gholdengo
|-resisted|p2a: Gholdengo
|-damage|p2a: Gholdengo|72/100
|
|upkeep
|turn|4
|
|t:|1781519166
|-terastallize|p1a: Scizor|Steel
|move|p1a: Scizor|Bullet Punch|p2a: Gholdengo
|-resisted|p2a: Gholdengo
|-damage|p2a: Gholdengo|33/100
|move|p2a: Gholdengo|Shadow Ball|p1a: Scizor
|-damage|p1a: Scizor|43/100
|-unboost|p1a: Scizor|spd|1
|
|upkeep
|turn|5
|
|t:|1781519174
|move|p1a: Scizor|Bullet Punch|p2a: Gholdengo
|-resisted|p2a: Gholdengo
|-damage|p2a: Gholdengo|0 fnt
|faint|p2a: Gholdengo
|
|upkeep
|
|t:|1781519181
|switch|p2a: Zamazenta|Zamazenta|100/100
|-ability|p2a: Zamazenta|Dauntless Shield|boost
|-boost|p2a: Zamazenta|def|1
|turn|6
|
|t:|1781519185
|switch|p1a: Primarina|Primarina, F|100/100
|-damage|p1a: Primarina|88/100|[from] Stealth Rock
|move|p2a: Zamazenta|Body Press|p1a: Primarina
|-resisted|p1a: Primarina
|-damage|p1a: Primarina|69/100
|
|-heal|p1a: Primarina|75/100|[from] item: Leftovers
|upkeep
|turn|7
|
|t:|1781519197
|switch|p2a: Glimmora|Glimmora, M|1/100
|move|p1a: Primarina|Draining Kiss|p2a: Glimmora
|-resisted|p2a: Glimmora
|-damage|p2a: Glimmora|0 fnt
|-heal|p1a: Primarina|75/100|[from] drain|[of] p2a: Glimmora
|faint|p2a: Glimmora
|
|-heal|p1a: Primarina|81/100|[from] item: Leftovers
|upkeep
|
|t:|1781519203
|switch|p2a: Weavile|Weavile, F|100/100
|-ability|p2a: Weavile|Pressure
|turn|8
|
|t:|1781519210
|move|p2a: Weavile|Knock Off|p1a: Primarina
|-resisted|p1a: Primarina
|-damage|p1a: Primarina|61/100
|-enditem|p1a: Primarina|Leftovers|[from] move: Knock Off|[of] p2a: Weavile
|move|p1a: Primarina|Draining Kiss|p2a: Weavile
|-supereffective|p2a: Weavile
|-damage|p2a: Weavile|46/100
|-heal|p1a: Primarina|92/100|[from] drain|[of] p2a: Weavile
|
|upkeep
|turn|9
|
|t:|1781519222
|move|p2a: Weavile|Triple Axel|p1a: Primarina
|-resisted|p1a: Primarina
|-damage|p1a: Primarina|88/100
|-resisted|p1a: Primarina
|-damage|p1a: Primarina|80/100
|-resisted|p1a: Primarina
|-damage|p1a: Primarina|67/100
|-hitcount|p1a: Primarina|3
|move|p1a: Primarina|Calm Mind|p1a: Primarina
|-boost|p1a: Primarina|spa|1
|-boost|p1a: Primarina|spd|1
|
|upkeep
|turn|10
|
|t:|1781519231
|move|p2a: Weavile|Triple Axel|p1a: Primarina
|-resisted|p1a: Primarina
|-damage|p1a: Primarina|63/100
|-resisted|p1a: Primarina
|-damage|p1a: Primarina|54/100
|-resisted|p1a: Primarina
|-damage|p1a: Primarina|41/100
|-hitcount|p1a: Primarina|3
|move|p1a: Primarina|Draining Kiss|p2a: Weavile
|-supereffective|p2a: Weavile
|-damage|p2a: Weavile|0 fnt
|-heal|p1a: Primarina|68/100|[from] drain|[of] p2a: Weavile
|faint|p2a: Weavile
|
|upkeep
|
|t:|1781519236
|switch|p2a: Zamazenta|Zamazenta|100/100
|turn|11
|
|t:|1781519245
|move|p1a: Primarina|Draining Kiss|p2a: Zamazenta
|-supereffective|p2a: Zamazenta
|-damage|p2a: Zamazenta|54/100
|-heal|p1a: Primarina|100/100|[from] drain|[of] p2a: Zamazenta
|move|p2a: Zamazenta|Roar|p1a: Primarina
|drag|p1a: Scizor|Scizor, M, tera:Steel|43/100
|-damage|p1a: Scizor|37/100|[from] Stealth Rock
|
|-heal|p2a: Zamazenta|60/100|[from] item: Leftovers
|upkeep
|turn|12
|
|t:|1781519254
|switch|p1a: Mandibuzz|Mandibuzz, F|100/100
|move|p2a: Zamazenta|Body Press|p1a: Mandibuzz
|-damage|p1a: Mandibuzz|83/100
|
|-heal|p2a: Zamazenta|66/100|[from] item: Leftovers
|upkeep
|turn|13
|
|t:|1781519270
|move|p2a: Zamazenta|Iron Defense|p2a: Zamazenta
|-boost|p2a: Zamazenta|def|2
|move|p1a: Mandibuzz|Defog|p2a: Zamazenta
|-unboost|p2a: Zamazenta|evasion|1
|-sideend|p1: SWAGGER_W2F|Stealth Rock|[from] move: Defog|[of] p1a: Mandibuzz
|
|-heal|p2a: Zamazenta|73/100|[from] item: Leftovers
|upkeep
|turn|14
|
|t:|1781519277
|move|p2a: Zamazenta|Body Press|p1a: Mandibuzz
|-damage|p1a: Mandibuzz|51/100
|move|p1a: Mandibuzz|U-turn|p2a: Zamazenta
|-resisted|p2a: Zamazenta
|-damage|p2a: Zamazenta|70/100
|
|t:|1781519282
|switch|p1a: Primarina|Primarina, F|100/100|[from] U-turn
|
|-heal|p2a: Zamazenta|76/100|[from] item: Leftovers
|upkeep
|turn|15
|
|t:|1781519287
|move|p1a: Primarina|Draining Kiss|p2a: Zamazenta
|-supereffective|p2a: Zamazenta
|-damage|p2a: Zamazenta|44/100
|move|p2a: Zamazenta|Roar|p1a: Primarina
|drag|p1a: Ceruledge|Ceruledge, F|100/100
|
|-heal|p2a: Zamazenta|50/100|[from] item: Leftovers
|upkeep
|turn|16
|
|t:|1781519299
|switch|p1a: Primarina|Primarina, F|100/100
|move|p2a: Zamazenta|Crunch|p1a: Primarina
|-resisted|p1a: Primarina
|-damage|p1a: Primarina|91/100
|
|-heal|p2a: Zamazenta|56/100|[from] item: Leftovers
|upkeep
|turn|17
|
|t:|1781519306
|move|p2a: Zamazenta|Body Press|p1a: Primarina
|-resisted|p1a: Primarina
|-damage|p1a: Primarina|66/100
|move|p1a: Primarina|Draining Kiss|p2a: Zamazenta
|-supereffective|p2a: Zamazenta
|-damage|p2a: Zamazenta|24/100
|-heal|p1a: Primarina|93/100|[from] drain|[of] p2a: Zamazenta
|
|-heal|p2a: Zamazenta|30/100|[from] item: Leftovers
|upkeep
|turn|18
|
|t:|1781519315
|move|p2a: Zamazenta|Body Press|p1a: Primarina
|-resisted|p1a: Primarina
|-damage|p1a: Primarina|65/100
|move|p1a: Primarina|Draining Kiss|p2a: Zamazenta
|-supereffective|p2a: Zamazenta
|-damage|p2a: Zamazenta|0 fnt
|-heal|p1a: Primarina|89/100|[from] drain|[of] p2a: Zamazenta
|faint|p2a: Zamazenta
|
|upkeep
|
|t:|1781519318
|switch|p2a: Latias|Latias, F|100/100
|turn|19
|
|t:|1781519325
|switch|p1a: Ceruledge|Ceruledge, F|100/100
|-terastallize|p2a: Latias|Poison
|move|p2a: Latias|Calm Mind|p2a: Latias
|-boost|p2a: Latias|spa|1
|-boost|p2a: Latias|spd|1
|
|upkeep
|turn|20
|
|t:|1781519335
|move|p2a: Latias|Stored Power|p1a: Ceruledge
|-damage|p1a: Ceruledge|79/100
|move|p1a: Ceruledge|Bitter Blade|p2a: Latias
|-damage|p2a: Latias|46/100
|-heal|p1a: Ceruledge|100/100|[from] drain|[of] p2a: Latias
|
|-heal|p2a: Latias|52/100|[from] item: Leftovers
|upkeep
|turn|21
|-message|jhondo forfeited.
|
|win|SWAGGER_W2F
|raw|SWAGGER_W2F's rating: 1565 &rarr; <strong>1583</strong><br />(+18 for winning)
|raw|jhondo's rating: 1523 &rarr; <strong>1505</strong><br />(-18 for losing)
|l|☆jhondo
|player|p2|
|l|‽SWAGGER_W2F
|player|p1|
