|j|☆FireSide_01
|j|☆ditissjoerd
|t:|1781179478
|gametype|singles
|player|p1|FireSide_01|janine|1592
|player|p2|ditissjoerd|clown|1517
|gen|9
|tier|[Gen 9] OU
|rated|
|rule|HP Percentage Mod: HP is shown in percentages
|rule|Endless Battle Clause: Forcing endless battles is banned
|rule|Species Clause: Limit one of each Pokémon
|rule|OHKO Clause: OHKO moves are banned
|rule|Evasion Items Clause: Evasion items are banned
|rule|Evasion Moves Clause: Evasion moves are banned
|rule|Evasion Abilities Clause: Evasion abilities are banned
|rule|Sleep Moves Clause: Sleep-inducing moves are banned
|clearpoke
|poke|p1|Ninetales, F|
|poke|p1|Walking Wake|
|poke|p1|Typhlosion-Hisui, F|
|poke|p1|Great Tusk|
|poke|p1|Rillaboom, F|
|poke|p1|Raging Bolt|
|poke|p2|Garchomp, M|
|poke|p2|Glimmora, F|
|poke|p2|Iron Crown|
|poke|p2|Tinkaton, F|
|poke|p2|Moltres-Galar|
|poke|p2|Ogerpon-Wellspring, F|
|teampreview
|inactive|Battle timer is ON: inactive players will automatically lose when time's up. (requested by FireSide_01)
|
|t:|1781179485
|teamsize|p1|6
|teamsize|p2|6
|start
|switch|p1a: Raging Bolt|Raging Bolt|100/100
|switch|p2a: Ogerpon|Ogerpon-Wellspring, F|100/100
|turn|1
|
|t:|1781179489
|move|p2a: Ogerpon|Knock Off|p1a: Raging Bolt
|-damage|p1a: Raging Bolt|66/100
|-enditem|p1a: Raging Bolt|Assault Vest|[from] move: Knock Off|[of] p2a: Ogerpon
|move|p1a: Raging Bolt|Volt Switch|p2a: Ogerpon
|-damage|p2a: Ogerpon|50/100
|
|t:|1781179495
|-end|p1a: Raging Bolt|Protosynthesis|[silent]
|switch|p1a: Typhlosion|Typhlosion-Hisui, F|100/100|[from] Volt Switch
|
|upkeep
|turn|2
|
|t:|1781179506
|switch|p2a: Moltres|Moltres-Galar|100/100
|move|p1a: Typhlosion|Eruption|p2a: Moltres
|-damage|p2a: Moltres|46/100
|-ability|p2a: Moltres|Berserk|boost
|-boost|p2a: Moltres|spa|1
|-enditem|p2a: Moltres|Sitrus Berry|[eat]
|-heal|p2a: Moltres|71/100|[from] item: Sitrus Berry
|
|upkeep
|turn|3
|
|t:|1781179535
|-terastallize|p1a: Typhlosion|Fire
|move|p1a: Typhlosion|Eruption|p2a: Moltres
|-damage|p2a: Moltres|2/100
|-ability|p2a: Moltres|Berserk|boost
|-boost|p2a: Moltres|spa|1
|move|p2a: Moltres|Fiery Wrath|p1a: Typhlosion
|-damage|p1a: Typhlosion|0 fnt
|faint|p1a: Typhlosion
|
|upkeep
|inactive|FireSide_01 has 120 seconds left.
|
|t:|1781179548
|switch|p1a: Rillaboom|Rillaboom, F|100/100
|-fieldstart|move: Grassy Terrain|[from] ability: Grassy Surge|[of] p1a: Rillaboom
|turn|4
|
|t:|1781179552
|switch|p1a: Ninetales|Ninetales, F|100/100
|-weather|SunnyDay|[from] ability: Drought|[of] p1a: Ninetales
|move|p2a: Moltres|Air Slash|p1a: Ninetales
|-damage|p1a: Ninetales|34/100
|
|-weather|SunnyDay|[upkeep]
|-heal|p1a: Ninetales|40/100|[from] Grassy Terrain
|upkeep
|turn|5
|
|t:|1781179561
|move|p1a: Ninetales|Weather Ball|p2a: Moltres
|-damage|p2a: Moltres|0 fnt
|faint|p2a: Moltres
|
|-weather|SunnyDay|[upkeep]
|-heal|p1a: Ninetales|46/100|[from] Grassy Terrain
|upkeep
|
|t:|1781179568
|switch|p2a: Ogerpon|Ogerpon-Wellspring, F|50/100
|turn|6
|
|t:|1781179571
|switch|p1a: Raging Bolt|Raging Bolt|66/100
|-activate|p1a: Raging Bolt|ability: Protosynthesis
|-start|p1a: Raging Bolt|protosynthesisspa
|move|p2a: Ogerpon|Knock Off|p1a: Raging Bolt
|-damage|p1a: Raging Bolt|42/100
|
|-weather|SunnyDay|[upkeep]
|-heal|p2a: Ogerpon|56/100|[from] Grassy Terrain
|-heal|p1a: Raging Bolt|48/100|[from] Grassy Terrain
|upkeep
|turn|7
|
|t:|1781179577
|move|p2a: Ogerpon|U-turn|p1a: Raging Bolt
|-damage|p1a: Raging Bolt|21/100
|
|t:|1781179580
|switch|p2a: Garchomp|Garchomp, M|100/100|[from] U-turn
|move|p1a: Raging Bolt|Dragon Pulse|p2a: Garchomp
|-supereffective|p2a: Garchomp
|-damage|p2a: Garchomp|0 fnt
|faint|p2a: Garchomp
|
|-weather|SunnyDay|[upkeep]
|-heal|p1a: Raging Bolt|27/100|[from] Grassy Terrain
|upkeep
|
|t:|1781179584
|switch|p2a: Glimmora|Glimmora, F|100/100
|turn|8
|
|t:|1781179591
|move|p1a: Raging Bolt|Thunderclap|p2a: Glimmora
|-damage|p2a: Glimmora|27/100
|move|p2a: Glimmora|Earth Power|p1a: Raging Bolt
|-supereffective|p1a: Raging Bolt
|-crit|p1a: Raging Bolt
|-damage|p1a: Raging Bolt|0 fnt
|faint|p1a: Raging Bolt
|-end|p1a: Raging Bolt|Protosynthesis|[silent]
|
|-weather|SunnyDay|[upkeep]
|-heal|p2a: Glimmora|33/100|[from] Grassy Terrain
|-fieldend|move: Grassy Terrain
|upkeep
|
|t:|1781179600
|switch|p1a: Walking Wake|Walking Wake|100/100
|-activate|p1a: Walking Wake|ability: Protosynthesis
|-start|p1a: Walking Wake|protosynthesisspa
|turn|9
|
|t:|1781179602
|move|p1a: Walking Wake|Flamethrower|p2a: Glimmora
|-resisted|p2a: Glimmora
|-crit|p2a: Glimmora
|-damage|p2a: Glimmora|0 fnt
|faint|p2a: Glimmora
|
|-weather|SunnyDay|[upkeep]
|upkeep
|
|t:|1781179609
|switch|p2a: Ogerpon|Ogerpon-Wellspring, F|56/100
|turn|10
|
|t:|1781179611
|move|p2a: Ogerpon|Knock Off|p1a: Walking Wake
|-damage|p1a: Walking Wake|57/100
|-enditem|p1a: Walking Wake|Choice Specs|[from] move: Knock Off|[of] p2a: Ogerpon
|move|p1a: Walking Wake|Flamethrower|p2a: Ogerpon
|-damage|p2a: Ogerpon|0 fnt
|faint|p2a: Ogerpon
|
|-weather|SunnyDay|[upkeep]
|upkeep
|
|t:|1781179619
|switch|p2a: Iron Crown|Iron Crown|100/100
|-enditem|p2a: Iron Crown|Booster Energy
|-activate|p2a: Iron Crown|ability: Quark Drive|[fromitem]
|-start|p2a: Iron Crown|quarkdrivedef
|turn|11
|
|t:|1781179622
|-terastallize|p2a: Iron Crown|Fighting
|move|p1a: Walking Wake|Flamethrower|p2a: Iron Crown
|-damage|p2a: Iron Crown|47/100
|move|p2a: Iron Crown|Agility|p2a: Iron Crown
|-boost|p2a: Iron Crown|spe|2
|
|-weather|none
|-end|p1a: Walking Wake|Protosynthesis
|upkeep
|turn|12
|
|t:|1781179628
|-end|p1a: Walking Wake|Protosynthesis|[silent]
|switch|p1a: Ninetales|Ninetales, F|46/100
|-weather|SunnyDay|[from] ability: Drought|[of] p1a: Ninetales
|move|p2a: Iron Crown|Calm Mind|p2a: Iron Crown
|-boost|p2a: Iron Crown|spa|1
|-boost|p2a: Iron Crown|spd|1
|
|-weather|SunnyDay|[upkeep]
|upkeep
|turn|13
|
|t:|1781179632
|move|p2a: Iron Crown|Agility|p2a: Iron Crown
|-boost|p2a: Iron Crown|spe|2
|move|p1a: Ninetales|Encore|p2a: Iron Crown
|-start|p2a: Iron Crown|Encore
|
|-weather|SunnyDay|[upkeep]
|upkeep
|turn|14
|
|t:|1781179636
|move|p2a: Iron Crown|Agility|p2a: Iron Crown
|-boost|p2a: Iron Crown|spe|2
|move|p1a: Ninetales|Weather Ball|p2a: Iron Crown
|-damage|p2a: Iron Crown|24/100
|
|-weather|SunnyDay|[upkeep]
|upkeep
|turn|15
|
|t:|1781179642
|move|p2a: Iron Crown|Agility|p2a: Iron Crown
|-boost|p2a: Iron Crown|spe|0
|move|p1a: Ninetales|Weather Ball|p2a: Iron Crown
|-damage|p2a: Iron Crown|0 fnt
|faint|p2a: Iron Crown
|-end|p2a: Iron Crown|Quark Drive|[silent]
|
|-weather|SunnyDay|[upkeep]
|upkeep
|
|t:|1781179644
|switch|p2a: Tinkaton|Tinkaton, F|100/100
|-ability|p2a: Tinkaton|Mold Breaker
|turn|16
|
|t:|1781179646
|move|p1a: Ninetales|Weather Ball|p2a: Tinkaton
|-supereffective|p2a: Tinkaton
|-damage|p2a: Tinkaton|6/100
|move|p2a: Tinkaton|Knock Off|p1a: Ninetales
|-damage|p1a: Ninetales|18/100
|-enditem|p1a: Ninetales|Heat Rock|[from] move: Knock Off|[of] p2a: Tinkaton
|
|-weather|SunnyDay|[upkeep]
|-heal|p2a: Tinkaton|12/100|[from] item: Leftovers
|upkeep
|turn|17
|
|t:|1781179650
|move|p1a: Ninetales|Weather Ball|p2a: Tinkaton
|-supereffective|p2a: Tinkaton
|-damage|p2a: Tinkaton|0 fnt
|faint|p2a: Tinkaton
|
|win|FireSide_01
|raw|FireSide_01's rating: 1592 &rarr; <strong>1608</strong><br />(+16 for winning)
|raw|ditissjoerd's rating: 1517 &rarr; <strong>1501</strong><br />(-16 for losing)
|l|☆ditissjoerd
|player|p2|
|c|☆FireSide_01|gg
|l|☆FireSide_01
|player|p1|
