|badge|p2|silver|gen9ou|30-9
|uhtml|medal-msg|<div class="broadcast-blue">Curious what those medals under the avatar are? PS now has Ladder Seasons! For more information, check out the <a href="https://www.smogon.com/forums/threads/3740067/">thread on Smogon.</a></div>
|j|☆OP Earthquakes
|j|‽mothily >.<
|t:|1781122780
|gametype|singles
|player|p1|OP Earthquakes|giovanni-masters|1756
|player|p2|mothily >.<|iono-masters|1873
|gen|9
|tier|[Gen 9] OU
|rated|
|rule|HP Percentage Mod: HP is shown in percentages
|rule|Endless Battle Clause: Forcing endless battles is banned
|rule|Species Clause: Limit one of each Pokémon
|rule|OHKO Clause: OHKO moves are banned
|rule|Evasion Items Clause: Evasion items are banned
|rule|Evasion Moves Clause: Evasion moves are banned
|rule|Evasion Abilities Clause: Evasion abilities are banned
|rule|Sleep Moves Clause: Sleep-inducing moves are banned
|clearpoke
|poke|p1|Tyranitar, M|
|poke|p1|Pawmot, F|
|poke|p1|Kyurem|
|poke|p1|Excadrill, M|
|poke|p1|Hawlucha, M|
|poke|p1|Houndstone, M|
|poke|p2|Ceruledge, F|
|poke|p2|Kingambit, M|
|poke|p2|Landorus-Therian, M|
|poke|p2|Iron Moth|
|poke|p2|Hatterene, F|
|poke|p2|Ogerpon-Wellspring, F|
|teampreview
|inactive|Battle timer is ON: inactive players will automatically lose when time's up. (requested by OP Earthquakes)
|
|t:|1781122798
|teamsize|p1|6
|teamsize|p2|6
|start
|switch|p1a: Toshiro|Kyurem, shiny|100/100
|switch|p2a: Landorus|Landorus-Therian, M|100/100
|-ability|p2a: Landorus|Intimidate|boost
|-unboost|p1a: Toshiro|atk|1
|-ability|p1a: Toshiro|Pressure
|turn|1
|
|t:|1781122803
|move|p2a: Landorus|U-turn|p1a: Toshiro
|-crit|p1a: Toshiro
|-damage|p1a: Toshiro|64/100
|
|t:|1781122806
|switch|p2a: Kingambit|Kingambit, M|100/100|[from] U-turn
|move|p1a: Toshiro|Freeze-Dry|p2a: Kingambit
|-resisted|p2a: Kingambit
|-damage|p2a: Kingambit|77/100
|
|-heal|p2a: Kingambit|83/100|[from] item: Leftovers
|upkeep
|turn|2
|
|t:|1781122810
|move|p1a: Toshiro|Freeze-Dry|p2a: Kingambit
|-resisted|p2a: Kingambit
|-damage|p2a: Kingambit|62/100
|move|p2a: Kingambit|Low Kick|p1a: Toshiro
|-supereffective|p1a: Toshiro
|-damage|p1a: Toshiro|0 fnt
|faint|p1a: Toshiro
|
|-heal|p2a: Kingambit|68/100|[from] item: Leftovers
|upkeep
|
|t:|1781122819
|switch|p1a: Porunga|Pawmot, F|100/100
|turn|3
|
|t:|1781122823
|-end|p2a: Kingambit|fallenundefined|[silent]
|switch|p2a: Landorus|Landorus-Therian, M|100/100
|-ability|p2a: Landorus|Intimidate|boost
|-unboost|p1a: Porunga|atk|1
|move|p1a: Porunga|Revival Blessing|p1a: Porunga
|-enditem|p1a: Porunga|Leppa Berry|[eat]
|-activate|p1a: Porunga|item: Leppa Berry|Revival Blessing|[consumed]
|
|t:|1781122829
|-heal|p1: Toshiro|50/100|[from] move: Revival Blessing
|
|upkeep
|turn|4
|
|t:|1781122832
|switch|p1a: Itachi|Hawlucha, M, shiny|100/100
|-ability|p1a: Itachi|Mold Breaker
|move|p2a: Landorus|Stealth Rock|p1a: Itachi
|-sidestart|p1: OP Earthquakes|move: Stealth Rock
|
|upkeep
|turn|5
|
|t:|1781122839
|switch|p2a: Ceruledge|Ceruledge, F|100/100
|move|p1a: Itachi|Defog|p2a: Ceruledge
|-unboost|p2a: Ceruledge|evasion|1
|-sideend|p1: OP Earthquakes|Stealth Rock|[from] move: Defog|[of] p1a: Itachi
|
|upkeep
|turn|6
|
|t:|1781122843
|switch|p1a: The sandstorm|Tyranitar, M, shiny|100/100
|-weather|Sandstorm|[from] ability: Sand Stream|[of] p1a: The sandstorm
|move|p2a: Ceruledge|Poltergeist|p1a: The sandstorm|[miss]
|-miss|p2a: Ceruledge|p1a: The sandstorm
|
|-weather|Sandstorm|[upkeep]
|-damage|p2a: Ceruledge|94/100|[from] Sandstorm
|upkeep
|turn|7
|
|t:|1781122847
|switch|p2a: Landorus|Landorus-Therian, M|100/100
|-ability|p2a: Landorus|Intimidate|boost
|-unboost|p1a: The sandstorm|atk|1
|move|p1a: The sandstorm|Ice Beam|p2a: Landorus
|-supereffective|p2a: Landorus
|-damage|p2a: Landorus|0 fnt
|faint|p2a: Landorus
|
|-weather|Sandstorm|[upkeep]
|upkeep
|
|t:|1781122851
|switch|p2a: Ogerpon|Ogerpon-Wellspring, F|100/100
|turn|8
|
|t:|1781122854
|switch|p1a: Houndstone|Houndstone, M|100/100
|move|p2a: Ogerpon|Ivy Cudgel|p1a: Houndstone|[anim] Ivy Cudgel Water
|-damage|p1a: Houndstone|9/100
|
|-weather|Sandstorm|[upkeep]
|-damage|p2a: Ogerpon|95/100|[from] Sandstorm
|upkeep
|turn|9
|
|t:|1781122859
|switch|p2a: Kingambit|Kingambit, M|68/100
|-activate|p2a: Kingambit|ability: Supreme Overlord
|-start|p2a: Kingambit|fallen1|[silent]
|move|p1a: Houndstone|Destiny Bond|p1a: Houndstone
|-singlemove|p1a: Houndstone|Destiny Bond
|
|-weather|Sandstorm|[upkeep]
|-heal|p2a: Kingambit|74/100|[from] item: Leftovers
|upkeep
|turn|10
|
|t:|1781122869
|switch|p1a: Itachi|Hawlucha, M, shiny|100/100
|-ability|p1a: Itachi|Mold Breaker
|move|p2a: Kingambit|Kowtow Cleave|p1a: Itachi
|-resisted|p1a: Itachi
|-damage|p1a: Itachi|60/100
|-enditem|p1a: Itachi|Red Card|[of] p2a: Kingambit
|-end|p2a: Kingambit|fallen1|[silent]
|drag|p2a: Iron Moth|Iron Moth|100/100
|-enditem|p2a: Iron Moth|Booster Energy
|-activate|p2a: Iron Moth|ability: Quark Drive|[fromitem]
|-start|p2a: Iron Moth|quarkdrivespe
|
|-weather|Sandstorm|[upkeep]
|-damage|p2a: Iron Moth|94/100|[from] Sandstorm
|-damage|p1a: Itachi|54/100|[from] Sandstorm
|upkeep
|turn|11
|
|t:|1781122884
|switch|p1a: The sandstorm|Tyranitar, M, shiny|100/100
|move|p2a: Iron Moth|Fiery Dance|p1a: The sandstorm
|-resisted|p1a: The sandstorm
|-damage|p1a: The sandstorm|87/100
|-boost|p2a: Iron Moth|spa|1
|
|-weather|Sandstorm|[upkeep]
|-damage|p2a: Iron Moth|88/100|[from] Sandstorm
|upkeep
|turn|12
|
|t:|1781122887
|move|p2a: Iron Moth|Toxic|p1a: The sandstorm
|-status|p1a: The sandstorm|tox
|move|p1a: The sandstorm|Roar|p2a: Iron Moth
|-end|p2a: Iron Moth|Quark Drive|[silent]
|drag|p2a: Ceruledge|Ceruledge, F|94/100
|
|-weather|Sandstorm|[upkeep]
|-damage|p2a: Ceruledge|88/100|[from] Sandstorm
|-damage|p1a: The sandstorm|81/100 tox|[from] psn
|upkeep
|turn|13
|
|t:|1781122899
|switch|p2a: Hatterene|Hatterene, F|100/100
|move|p1a: The sandstorm|Roar|p2a: Hatterene
|move|p2a: Hatterene|Roar|p1a: The sandstorm|[from] ability: Magic Bounce
|drag|p1a: Porunga|Pawmot, F|100/100
|
|-weather|none
|upkeep
|turn|14
|
|t:|1781122905
|switch|p1a: OP|Excadrill, M|100/100
|move|p2a: Hatterene|Psychic Noise|p1a: OP
|-resisted|p1a: OP
|-damage|p1a: OP|79/100
|-start|p1a: OP|move: Heal Block
|
|upkeep
|turn|15
|
|t:|1781122907
|switch|p2a: Ogerpon|Ogerpon-Wellspring, F|95/100
|move|p1a: OP|Earthquake|p2a: Ogerpon
|-resisted|p2a: Ogerpon
|-damage|p2a: Ogerpon|59/100
|
|-end|p1a: OP|move: Heal Block
|upkeep
|turn|16
|
|t:|1781122921
|switch|p1a: Toshiro|Kyurem, shiny|50/100
|-ability|p1a: Toshiro|Pressure
|move|p2a: Ogerpon|Horn Leech|p1a: Toshiro
|-resisted|p1a: Toshiro
|-damage|p1a: Toshiro|29/100
|-heal|p2a: Ogerpon|74/100|[from] drain|[of] p1a: Toshiro
|
|upkeep
|turn|17
|
|t:|1781122931
|move|p2a: Ogerpon|Play Rough|p1a: Toshiro|[miss]
|-miss|p2a: Ogerpon|p1a: Toshiro
|move|p1a: Toshiro|Freeze-Dry|p2a: Ogerpon
|-supereffective|p2a: Ogerpon
|-damage|p2a: Ogerpon|0 fnt
|faint|p2a: Ogerpon
|
|upkeep
|c|☆OP Earthquakes|woah
|
|t:|1781122937
|switch|p2a: Iron Moth|Iron Moth|88/100
|turn|18
|
|t:|1781122943
|switch|p1a: The sandstorm|Tyranitar, M, shiny|81/100 tox
|-weather|Sandstorm|[from] ability: Sand Stream|[of] p1a: The sandstorm
|move|p2a: Iron Moth|Dazzling Gleam|p1a: The sandstorm
|-supereffective|p1a: The sandstorm
|-damage|p1a: The sandstorm|48/100 tox
|
|-weather|Sandstorm|[upkeep]
|-damage|p2a: Iron Moth|82/100|[from] Sandstorm
|-damage|p1a: The sandstorm|41/100 tox|[from] psn
|upkeep
|turn|19
|
|t:|1781122951
|move|p2a: Iron Moth|Dazzling Gleam|p1a: The sandstorm
|-supereffective|p1a: The sandstorm
|-damage|p1a: The sandstorm|5/100 tox
|move|p1a: The sandstorm|Roar|p2a: Iron Moth
|-end|p2a: Iron Moth|Quark Drive|[silent]
|drag|p2a: Ceruledge|Ceruledge, F|88/100
|
|-weather|Sandstorm|[upkeep]
|-damage|p2a: Ceruledge|82/100|[from] Sandstorm
|-damage|p1a: The sandstorm|0 fnt|[from] psn
|faint|p1a: The sandstorm
|upkeep
|
|t:|1781122955
|switch|p1a: OP|Excadrill, M|79/100
|turn|20
|
|t:|1781122964
|move|p2a: Ceruledge|Shadow Sneak|p1a: OP
|-damage|p1a: OP|38/100
|-damage|p2a: Ceruledge|72/100|[from] item: Life Orb
|move|p1a: OP|Earthquake|p2a: Ceruledge
|-supereffective|p2a: Ceruledge
|-damage|p2a: Ceruledge|0 fnt
|faint|p2a: Ceruledge
|
|-weather|Sandstorm|[upkeep]
|upkeep
|
|t:|1781122970
|switch|p2a: Kingambit|Kingambit, M|74/100
|-activate|p2a: Kingambit|ability: Supreme Overlord
|-start|p2a: Kingambit|fallen3|[silent]
|turn|21
|
|t:|1781122977
|switch|p1a: Houndstone|Houndstone, M|9/100
|-end|p2a: Kingambit|fallen3|[silent]
|switch|p2a: Iron Moth|Iron Moth|82/100
|
|-weather|Sandstorm|[upkeep]
|-damage|p2a: Iron Moth|76/100|[from] Sandstorm
|upkeep
|turn|22
|
|t:|1781122987
|move|p1a: Houndstone|Endeavor|p2a: Iron Moth
|-damage|p2a: Iron Moth|7/100
|move|p2a: Iron Moth|Fiery Dance|p1a: Houndstone
|-damage|p1a: Houndstone|0 fnt
|-boost|p2a: Iron Moth|spa|1
|faint|p1a: Houndstone
|
|-weather|Sandstorm|[upkeep]
|-damage|p2a: Iron Moth|1/100|[from] Sandstorm
|upkeep
|
|t:|1781122997
|switch|p1a: OP|Excadrill, M|38/100
|turn|23
|
|t:|1781123000
|move|p1a: OP|Earthquake|p2a: Iron Moth
|-supereffective|p2a: Iron Moth
|-damage|p2a: Iron Moth|0 fnt
|faint|p2a: Iron Moth
|-end|p2a: Iron Moth|Quark Drive|[silent]
|
|-weather|Sandstorm|[upkeep]
|upkeep
|
|t:|1781123004
|switch|p2a: Kingambit|Kingambit, M|74/100
|-activate|p2a: Kingambit|ability: Supreme Overlord
|-start|p2a: Kingambit|fallen4|[silent]
|turn|24
|
|t:|1781123012
|switch|p1a: Porunga|Pawmot, F|100/100
|move|p2a: Kingambit|Kowtow Cleave|p1a: Porunga
|-resisted|p1a: Porunga
|-damage|p1a: Porunga|59/100
|
|-weather|Sandstorm|[upkeep]
|-damage|p1a: Porunga|53/100|[from] Sandstorm
|-heal|p2a: Kingambit|80/100|[from] item: Leftovers
|upkeep
|turn|25
|
|t:|1781123016
|-end|p2a: Kingambit|fallen4|[silent]
|switch|p2a: Hatterene|Hatterene, F|100/100
|move|p1a: Porunga|Revival Blessing|p1a: Porunga
|
|t:|1781123022
|-heal|p1: Houndstone|50/100|[from] move: Revival Blessing
|
|-weather|none
|upkeep
|turn|26
|
|t:|1781123031
|move|p1a: Porunga|Rest|p1a: Porunga
|-status|p1a: Porunga|slp|[from] move: Rest
|-heal|p1a: Porunga|100/100 slp|[silent]
|move|p2a: Hatterene|Psychic Noise|p1a: Porunga
|-supereffective|p1a: Porunga
|-damage|p1a: Porunga|0 fnt
|faint|p1a: Porunga
|
|upkeep
|
|t:|1781123041
|switch|p1a: Toshiro|Kyurem, shiny|29/100
|-ability|p1a: Toshiro|Pressure
|turn|27
|
|t:|1781123045
|move|p1a: Toshiro|Endeavor|p2a: Hatterene
|-damage|p2a: Hatterene|37/100
|move|p2a: Hatterene|Draining Kiss|p1a: Toshiro
|-supereffective|p1a: Toshiro
|-damage|p1a: Toshiro|0 fnt
|-heal|p2a: Hatterene|64/100|[from] drain|[of] p1a: Toshiro
|faint|p1a: Toshiro
|
|upkeep
|
|t:|1781123053
|switch|p1a: OP|Excadrill, M|38/100
|turn|28
|
|t:|1781123064
|move|p1a: OP|Earthquake|p2a: Hatterene
|-damage|p2a: Hatterene|13/100
|move|p2a: Hatterene|Psychic Noise|p1a: OP
|-resisted|p1a: OP
|-damage|p1a: OP|14/100
|-start|p1a: OP|move: Heal Block
|
|upkeep
|turn|29
|j| malicious M
|-enditem|p2a: Hatterene|Custap Berry|[eat]
|-activate|p2a: Hatterene|item: Custap Berry|[consumed]
|
|t:|1781123080
|move|p2a: Hatterene|Healing Wish|p2a: Hatterene
|faint|p2a: Hatterene
|move|p1a: OP|Earthquake|p2: Hatterene|[notarget]
|-fail|p1a: OP
|
|-end|p1a: OP|move: Heal Block
|upkeep
|
|t:|1781123081
|switch|p2a: Kingambit|Kingambit, M|80/100
|-heal|p2a: Kingambit|100/100|[from] move: Healing Wish
|-activate|p2a: Kingambit|ability: Supreme Overlord
|-start|p2a: Kingambit|fallen5|[silent]
|turn|30
|
|t:|1781123090
|move|p2a: Kingambit|Sucker Punch||[still]
|-fail|p2a: Kingambit
|move|p1a: OP|Swords Dance|p1a: OP
|-boost|p1a: OP|atk|2
|
|upkeep
|turn|31
|
|t:|1781123117
|switch|p1a: Houndstone|Houndstone, M|50/100
|move|p2a: Kingambit|Sucker Punch||[still]
|-fail|p2a: Kingambit
|
|upkeep
|turn|32
|
|t:|1781123123
|move|p1a: Houndstone|Trick|p2a: Kingambit
|-activate|p1a: Houndstone|move: Trick|[of] p2a: Kingambit
|-item|p2a: Kingambit|Choice Scarf|[from] move: Trick
|-item|p1a: Houndstone|Leftovers|[from] move: Trick
|move|p2a: Kingambit|Swords Dance|p2a: Kingambit
|-boost|p2a: Kingambit|atk|2
|
|-heal|p1a: Houndstone|57/100|[from] item: Leftovers
|upkeep
|turn|33
|j| Golem Rising
|c|☆OP Earthquakes|gg
|-message|mothily >.< forfeited.
|
|win|OP Earthquakes
|raw|OP Earthquakes's rating: 1756 &rarr; <strong>1782</strong><br />(+26 for winning)
|raw|mothily &gt;.&lt;'s rating: 1873 &rarr; <strong>1847</strong><br />(-26 for losing)
|j| nepturee
|l|‽mothily >.<
|player|p2|
|l| malicious M
|l|☆OP Earthquakes
|player|p1|
|l| nepturee
|l| Golem Rising
