|j|☆moonstone saint
|j|☆WeHateDrewClark
|t:|1781500348
|gametype|singles
|player|p1|moonstone saint|maid|1501
|player|p2|WeHateDrewClark|swimmerf|1556
|gen|9
|tier|[Gen 9] OU
|rated|
|rule|HP Percentage Mod: HP is shown in percentages
|rule|Endless Battle Clause: Forcing endless battles is banned
|rule|Species Clause: Limit one of each Pokémon
|rule|OHKO Clause: OHKO moves are banned
|rule|Evasion Items Clause: Evasion items are banned
|rule|Evasion Moves Clause: Evasion moves are banned
|rule|Evasion Abilities Clause: Evasion abilities are banned
|rule|Sleep Moves Clause: Sleep-inducing moves are banned
|clearpoke
|poke|p1|Kingambit, F|
|poke|p1|Kyurem|
|poke|p1|Tornadus-Therian, M|
|poke|p1|Great Tusk|
|poke|p1|Alomomola, M|
|poke|p1|Hatterene, F|
|poke|p2|Hoopa-Unbound|
|poke|p2|Pecharunt|
|poke|p2|Landorus-Therian, M|
|poke|p2|Cinderace, M|
|poke|p2|Alomomola, M|
|poke|p2|Iron Valiant|
|teampreview
|inactive|Battle timer is ON: inactive players will automatically lose when time's up. (requested by WeHateDrewClark)
|
|t:|1781500359
|teamsize|p1|6
|teamsize|p2|6
|start
|switch|p1a: Kyurem|Kyurem|100/100
|switch|p2a: Hoopa|Hoopa-Unbound|100/100
|-ability|p1a: Kyurem|Pressure
|turn|1
|
|t:|1781500367
|switch|p1a: Alomomola|Alomomola, M, shiny|100/100
|move|p2a: Hoopa|Knock Off|p1a: Alomomola
|-damage|p1a: Alomomola|34/100
|-enditem|p1a: Alomomola|Assault Vest|[from] move: Knock Off|[of] p2a: Hoopa
|
|upkeep
|turn|2
|
|t:|1781500390
|switch|p1a: Hatterene|Hatterene, F, shiny|100/100
|move|p2a: Hoopa|Knock Off|p1a: Hatterene
|-damage|p1a: Hatterene|23/100
|-damage|p2a: Hoopa|84/100|[from] item: Rocky Helmet|[of] p1a: Hatterene
|-enditem|p1a: Hatterene|Rocky Helmet|[from] move: Knock Off|[of] p2a: Hoopa
|
|upkeep
|turn|3
|
|t:|1781500401
|move|p2a: Hoopa|Knock Off|p1a: Hatterene
|-damage|p1a: Hatterene|0 fnt
|faint|p1a: Hatterene
|
|upkeep
|inactive|moonstone saint has 120 seconds left.
|
|t:|1781500417
|switch|p1a: Great Tusk|Great Tusk|100/100
|turn|4
|
|t:|1781500424
|switch|p2a: Landorus|Landorus-Therian, M, shiny|100/100
|-ability|p2a: Landorus|Intimidate|boost
|-unboost|p1a: Great Tusk|atk|1
|move|p1a: Great Tusk|Knock Off|p2a: Landorus
|-damage|p2a: Landorus|75/100
|-enditem|p2a: Landorus|Choice Scarf|[from] move: Knock Off|[of] p1a: Great Tusk
|
|upkeep
|turn|5
|
|t:|1781500432
|-end|p1a: Great Tusk|Protosynthesis|[silent]
|switch|p1a: Tornadus|Tornadus-Therian, M, shiny|100/100
|move|p2a: Landorus|U-turn|p1a: Tornadus
|-resisted|p1a: Tornadus
|-damage|p1a: Tornadus|81/100
|
|t:|1781500444
|switch|p2a: Pecharunt|Pecharunt|100/100|[from] U-turn
|
|upkeep
|turn|6
|
|t:|1781500448
|switch|p1a: Kingambit|Kingambit, F, shiny|100/100
|-activate|p1a: Kingambit|ability: Supreme Overlord
|-start|p1a: Kingambit|fallen1|[silent]
|move|p2a: Pecharunt|Parting Shot|p1a: Kingambit
|-unboost|p1a: Kingambit|atk|1
|-unboost|p1a: Kingambit|spa|1
|
|t:|1781500454
|switch|p2a: Hoopa|Hoopa-Unbound|84/100|[from] Parting Shot
|
|upkeep
|turn|7
|
|t:|1781500460
|-end|p1a: Kingambit|fallen1|[silent]
|switch|p1a: Tornadus|Tornadus-Therian, M, shiny|100/100
|move|p2a: Hoopa|Drain Punch|p1a: Tornadus
|-resisted|p1a: Tornadus
|-damage|p1a: Tornadus|69/100
|-heal|p2a: Hoopa|99/100|[from] drain|[of] p1a: Tornadus
|
|upkeep
|turn|8
|
|t:|1781500466
|switch|p2a: Alomomola|Alomomola, M, shiny|100/100
|move|p1a: Tornadus|Nasty Plot|p1a: Tornadus
|-boost|p1a: Tornadus|spa|2
|
|upkeep
|turn|9
|
|t:|1781500471
|switch|p1a: Alomomola|Alomomola, M, shiny|68/100
|move|p2a: Alomomola|Mirror Coat||[still]
|-fail|p2a: Alomomola
|
|upkeep
|turn|10
|
|t:|1781500474
|move|p2a: Alomomola|Body Slam|p1a: Alomomola
|-damage|p1a: Alomomola|57/100
|-status|p1a: Alomomola|par
|cant|p1a: Alomomola|par
|
|upkeep
|turn|11
|
|t:|1781500478
|move|p2a: Alomomola|Flip Turn|p1a: Alomomola
|-resisted|p1a: Alomomola
|-damage|p1a: Alomomola|51/100 par
|
|t:|1781500481
|switch|p2a: Hoopa|Hoopa-Unbound|99/100|[from] Flip Turn
|move|p1a: Alomomola|Flip Turn|p2a: Hoopa
|-damage|p2a: Hoopa|71/100
|
|t:|1781500487
|switch|p1a: Great Tusk|Great Tusk|100/100|[from] Flip Turn
|
|upkeep
|turn|12
|
|t:|1781500493
|switch|p2a: Pecharunt|Pecharunt|100/100
|move|p1a: Great Tusk|Headlong Rush|p2a: Pecharunt
|-supereffective|p2a: Pecharunt
|-damage|p2a: Pecharunt|46/100
|-unboost|p1a: Great Tusk|def|1
|-unboost|p1a: Great Tusk|spd|1
|
|upkeep
|turn|13
|
|t:|1781500500
|-end|p1a: Great Tusk|Protosynthesis|[silent]
|switch|p1a: Kyurem|Kyurem|100/100
|-ability|p1a: Kyurem|Pressure
|switch|p2a: Landorus|Landorus-Therian, M, shiny|75/100
|-ability|p2a: Landorus|Intimidate|boost
|-unboost|p1a: Kyurem|atk|1
|
|upkeep
|turn|14
|
|t:|1781500508
|move|p1a: Kyurem|Freeze-Dry|p2a: Landorus
|-supereffective|p2a: Landorus
|-damage|p2a: Landorus|0 fnt
|faint|p2a: Landorus
|
|upkeep
|
|t:|1781500515
|switch|p2a: Iron Valiant|Iron Valiant, shiny|100/100
|turn|15
|
|t:|1781500518
|switch|p1a: Alomomola|Alomomola, M, shiny|84/100 par
|move|p2a: Iron Valiant|Moonblast|p1a: Alomomola
|-crit|p1a: Alomomola
|-damage|p1a: Alomomola|11/100 par
|
|upkeep
|turn|16
|
|t:|1781500535
|move|p2a: Iron Valiant|Moonblast|p1a: Alomomola
|-damage|p1a: Alomomola|0 fnt
|faint|p1a: Alomomola
|
|upkeep
|
|t:|1781500537
|switch|p1a: Tornadus|Tornadus-Therian, M, shiny|100/100
|turn|17
|
|t:|1781500546
|move|p1a: Tornadus|Bleakwind Storm|p2a: Iron Valiant
|-supereffective|p2a: Iron Valiant
|-damage|p2a: Iron Valiant|0 fnt
|faint|p2a: Iron Valiant
|-end|p2a: Iron Valiant|Quark Drive|[silent]
|
|upkeep
|
|t:|1781500549
|switch|p2a: Cinderace|Cinderace, M, shiny|100/100
|turn|18
|
|t:|1781500558
|move|p1a: Tornadus|Nasty Plot|p1a: Tornadus
|-boost|p1a: Tornadus|spa|2
|move|p2a: Cinderace|Pyro Ball|p1a: Tornadus
|-damage|p1a: Tornadus|17/100
|
|upkeep
|turn|19
|
|t:|1781500565
|switch|p2a: Alomomola|Alomomola, M, shiny|100/100
|move|p1a: Tornadus|Bleakwind Storm|p2a: Alomomola
|-damage|p2a: Alomomola|53/100
|
|upkeep
|turn|20
|
|t:|1781500574
|move|p1a: Tornadus|Bleakwind Storm|p2a: Alomomola
|-damage|p2a: Alomomola|1/100
|move|p2a: Alomomola|Flip Turn|p1a: Tornadus
|-damage|p1a: Tornadus|0 fnt
|faint|p1a: Tornadus
|
|t:|1781500581
|switch|p2a: Cinderace|Cinderace, M, shiny|100/100|[from] Flip Turn
|
|upkeep
|
|t:|1781500589
|switch|p1a: Great Tusk|Great Tusk|100/100
|turn|21
|
|t:|1781500593
|move|p2a: Cinderace|U-turn|p1a: Great Tusk
|-start|p2a: Cinderace|typechange|Bug|[from] ability: Libero
|-resisted|p1a: Great Tusk
|-damage|p1a: Great Tusk|88/100
|
|t:|1781500599
|switch|p2a: Pecharunt|Pecharunt|46/100|[from] U-turn
|move|p1a: Great Tusk|Headlong Rush|p2a: Pecharunt
|-supereffective|p2a: Pecharunt
|-crit|p2a: Pecharunt
|-damage|p2a: Pecharunt|0 fnt
|-unboost|p1a: Great Tusk|def|1
|-unboost|p1a: Great Tusk|spd|1
|faint|p2a: Pecharunt
|
|upkeep
|
|t:|1781500615
|switch|p2a: Cinderace|Cinderace, M, shiny|100/100
|turn|22
|inactive|moonstone saint has 120 seconds left.
|inactive|WeHateDrewClark has 120 seconds left.
|
|t:|1781500668
|move|p2a: Cinderace|U-turn|p1a: Great Tusk
|-start|p2a: Cinderace|typechange|Bug|[from] ability: Libero
|-resisted|p1a: Great Tusk
|-damage|p1a: Great Tusk|71/100
|inactive|WeHateDrewClark has 120 seconds left.
|
|t:|1781500677
|switch|p2a: Alomomola|Alomomola, M, shiny|34/100|[from] U-turn
|move|p1a: Great Tusk|Headlong Rush|p2a: Alomomola
|-damage|p2a: Alomomola|0 fnt
|-unboost|p1a: Great Tusk|def|1
|-unboost|p1a: Great Tusk|spd|1
|faint|p2a: Alomomola
|
|upkeep
|
|t:|1781500682
|switch|p2a: Cinderace|Cinderace, M, shiny|100/100
|turn|23
|
|t:|1781500691
|-end|p1a: Great Tusk|Protosynthesis|[silent]
|switch|p1a: Kingambit|Kingambit, F, shiny|100/100
|-activate|p1a: Kingambit|ability: Supreme Overlord
|-start|p1a: Kingambit|fallen3|[silent]
|move|p2a: Cinderace|Pyro Ball|p1a: Kingambit
|-supereffective|p1a: Kingambit
|-damage|p1a: Kingambit|10/100
|
|-heal|p1a: Kingambit|16/100|[from] item: Leftovers
|upkeep
|turn|24
|inactive|moonstone saint has 120 seconds left.
|
|t:|1781500700
|move|p1a: Kingambit|Sucker Punch|p2a: Cinderace
|-damage|p2a: Cinderace|24/100
|move|p2a: Cinderace|Pyro Ball|p1a: Kingambit
|-supereffective|p1a: Kingambit
|-damage|p1a: Kingambit|0 fnt
|faint|p1a: Kingambit
|-end|p1a: Kingambit|fallen3|[silent]
|
|upkeep
|inactive|moonstone saint has 120 seconds left.
|
|t:|1781500706
|switch|p1a: Kyurem|Kyurem|100/100
|-ability|p1a: Kyurem|Pressure
|turn|25
|
|t:|1781500720
|move|p2a: Cinderace|U-turn|p1a: Kyurem
|-start|p2a: Cinderace|typechange|Bug|[from] ability: Libero
|-damage|p1a: Kyurem|70/100
|
|t:|1781500723
|switch|p2a: Hoopa|Hoopa-Unbound|71/100|[from] U-turn
|move|p1a: Kyurem|Ice Beam|p2a: Hoopa
|-damage|p2a: Hoopa|10/100
|
|upkeep
|turn|26
|
|t:|1781500728
|move|p1a: Kyurem|Ice Beam|p2a: Hoopa
|-damage|p2a: Hoopa|0 fnt
|faint|p2a: Hoopa
|
|upkeep
|
|t:|1781500730
|switch|p2a: Cinderace|Cinderace, M, shiny|24/100
|turn|27
|
|t:|1781500735
|-terastallize|p2a: Cinderace|Fire
|move|p2a: Cinderace|Pyro Ball|p1a: Kyurem
|-damage|p1a: Kyurem|0 fnt
|faint|p1a: Kyurem
|
|upkeep
|
|t:|1781500739
|switch|p1a: Great Tusk|Great Tusk|71/100
|turn|28
|
|t:|1781500743
|move|p2a: Cinderace|Pyro Ball|p1a: Great Tusk
|-damage|p1a: Great Tusk|19/100
|move|p1a: Great Tusk|Headlong Rush|p2a: Cinderace
|-supereffective|p2a: Cinderace
|-damage|p2a: Cinderace|0 fnt
|-unboost|p1a: Great Tusk|def|1
|-unboost|p1a: Great Tusk|spd|1
|faint|p2a: Cinderace
|
|win|moonstone saint
|raw|moonstone saint's rating: 1501 &rarr; <strong>1524</strong><br />(+23 for winning)
|raw|WeHateDrewClark's rating: 1556 &rarr; <strong>1533</strong><br />(-23 for losing)
