|j|☆PiggLad
|j|☆KurisuChestnutLab
|t:|1781123640
|gametype|singles
|player|p1|PiggLad|grimsley-gen7|1665
|player|p2|KurisuChestnutLab|may-contest|1604
|gen|9
|tier|[Gen 9] OU
|rated|
|rule|HP Percentage Mod: HP is shown in percentages
|rule|Endless Battle Clause: Forcing endless battles is banned
|rule|Species Clause: Limit one of each Pokémon
|rule|OHKO Clause: OHKO moves are banned
|rule|Evasion Items Clause: Evasion items are banned
|rule|Evasion Moves Clause: Evasion moves are banned
|rule|Evasion Abilities Clause: Evasion abilities are banned
|rule|Sleep Moves Clause: Sleep-inducing moves are banned
|clearpoke
|poke|p1|Tyranitar, M|
|poke|p1|Hydrapple, M|
|poke|p1|Enamorus, F|
|poke|p1|Garganacl, F|
|poke|p1|Excadrill, M|
|poke|p1|Alomomola, F|
|poke|p2|Primarina, F|
|poke|p2|Hippowdon, M|
|poke|p2|Skarmory, F|
|poke|p2|Zapdos|
|poke|p2|Dragonite, M|
|poke|p2|Slowking, F|
|teampreview
|inactive|Battle timer is ON: inactive players will automatically lose when time's up. (requested by KurisuChestnutLab)
|
|t:|1781123651
|teamsize|p1|6
|teamsize|p2|6
|start
|switch|p1a: Let The Goons Out|Hydrapple, M, shiny|100/100
|switch|p2a: Skarmory|Skarmory, F|100/100
|turn|1
|
|t:|1781123657
|switch|p2a: Primarina|Primarina, F|100/100
|switch|p1a: Jevils To This|Garganacl, F, shiny|100/100
|
|upkeep
|turn|2
|
|t:|1781123663
|-terastallize|p1a: Jevils To This|Fairy
|move|p2a: Primarina|Surf|p1a: Jevils To This
|-damage|p1a: Jevils To This|69/100
|move|p1a: Jevils To This|Salt Cure|p2a: Primarina
|-damage|p2a: Primarina|85/100
|-start|p2a: Primarina|Salt Cure
|
|-heal|p1a: Jevils To This|75/100|[from] item: Leftovers
|-damage|p2a: Primarina|60/100|[from] Salt Cure
|upkeep
|turn|3
|
|t:|1781123670
|switch|p2a: Hippowdon|Hippowdon, M|100/100
|-weather|Sandstorm|[from] ability: Sand Stream|[of] p2a: Hippowdon
|move|p1a: Jevils To This|Salt Cure|p2a: Hippowdon
|-resisted|p2a: Hippowdon
|-damage|p2a: Hippowdon|97/100
|-start|p2a: Hippowdon|Salt Cure
|
|-weather|Sandstorm|[upkeep]
|-damage|p1a: Jevils To This|69/100|[from] Sandstorm
|-heal|p2a: Hippowdon|100/100|[from] item: Leftovers
|-heal|p1a: Jevils To This|75/100|[from] item: Leftovers
|-damage|p2a: Hippowdon|88/100|[from] Salt Cure
|upkeep
|turn|4
|
|t:|1781123673
|move|p2a: Hippowdon|Stealth Rock|p1a: Jevils To This
|-sidestart|p1: PiggLad|move: Stealth Rock
|move|p1a: Jevils To This|Stealth Rock|p2a: Hippowdon
|-sidestart|p2: KurisuChestnutLab|move: Stealth Rock
|
|-weather|Sandstorm|[upkeep]
|-damage|p1a: Jevils To This|69/100|[from] Sandstorm
|-heal|p2a: Hippowdon|94/100|[from] item: Leftovers
|-heal|p1a: Jevils To This|75/100|[from] item: Leftovers
|-damage|p2a: Hippowdon|82/100|[from] Salt Cure
|upkeep
|turn|5
|
|t:|1781123679
|switch|p2a: Slowking|Slowking, F|100/100
|switch|p1a: Let The Goons Out|Hydrapple, M, shiny|100/100
|-damage|p1a: Let The Goons Out|88/100|[from] Stealth Rock
|
|-weather|Sandstorm|[upkeep]
|-damage|p1a: Let The Goons Out|82/100|[from] Sandstorm
|-damage|p2a: Slowking|94/100|[from] Sandstorm
|upkeep
|turn|6
|
|t:|1781123683
|move|p1a: Let The Goons Out|Nasty Plot|p1a: Let The Goons Out
|-boost|p1a: Let The Goons Out|spa|2
|-prepare|p2a: Slowking|Chilly Reception|[premajor]
|move|p2a: Slowking|Chilly Reception|p2a: Slowking
|-weather|Snowscape
|
|t:|1781123688
|switch|p2a: Primarina|Primarina, F|60/100|[from] Chilly Reception
|-damage|p2a: Primarina|47/100|[from] Stealth Rock
|
|-weather|Snowscape|[upkeep]
|upkeep
|turn|7
|
|t:|1781123695
|switch|p1a: Alo Cortisol|Alomomola, F|100/100
|-damage|p1a: Alo Cortisol|88/100|[from] Stealth Rock
|move|p2a: Primarina|Moonblast|p1a: Alo Cortisol
|-damage|p1a: Alo Cortisol|61/100
|
|-weather|Snowscape|[upkeep]
|upkeep
|turn|8
|
|t:|1781123699
|switch|p2a: Skarmory|Skarmory, F|100/100
|-damage|p2a: Skarmory|88/100|[from] Stealth Rock
|move|p1a: Alo Cortisol|Flip Turn|p2a: Skarmory
|-damage|p2a: Skarmory|79/100
|
|t:|1781123701
|switch|p1a: Jevils To This|Garganacl, F, shiny, tera:Fairy|75/100|[from] Flip Turn
|-damage|p1a: Jevils To This|63/100|[from] Stealth Rock
|
|-weather|Snowscape|[upkeep]
|-heal|p2a: Skarmory|85/100|[from] item: Leftovers
|-heal|p1a: Jevils To This|69/100|[from] item: Leftovers
|upkeep
|turn|9
|
|t:|1781123708
|move|p2a: Skarmory|Spikes|p1a: Jevils To This
|-sidestart|p1: PiggLad|Spikes
|move|p1a: Jevils To This|Salt Cure|p2a: Skarmory
|-damage|p2a: Skarmory|77/100
|-start|p2a: Skarmory|Salt Cure
|
|-weather|Snowscape|[upkeep]
|-heal|p2a: Skarmory|83/100|[from] item: Leftovers
|-heal|p1a: Jevils To This|75/100|[from] item: Leftovers
|-damage|p2a: Skarmory|58/100|[from] Salt Cure
|upkeep
|turn|10
|j| soldadodecristo
|
|t:|1781123719
|move|p2a: Skarmory|Spikes|p1a: Jevils To This
|-sidestart|p1: PiggLad|Spikes
|move|p1a: Jevils To This|Recover|p1a: Jevils To This
|-heal|p1a: Jevils To This|100/100
|
|-weather|none
|-heal|p2a: Skarmory|64/100|[from] item: Leftovers
|-damage|p2a: Skarmory|39/100|[from] Salt Cure
|upkeep
|turn|11
|
|t:|1781123725
|move|p2a: Skarmory|Body Press|p1a: Jevils To This
|-resisted|p1a: Jevils To This
|-damage|p1a: Jevils To This|89/100
|move|p1a: Jevils To This|Salt Cure|p2a: Skarmory
|-damage|p2a: Skarmory|31/100
|
|-heal|p2a: Skarmory|37/100|[from] item: Leftovers
|-heal|p1a: Jevils To This|96/100|[from] item: Leftovers
|-damage|p2a: Skarmory|12/100|[from] Salt Cure
|upkeep
|turn|12
|
|t:|1781123728
|move|p2a: Skarmory|Roost|p2a: Skarmory
|-heal|p2a: Skarmory|62/100
|-singleturn|p2a: Skarmory|move: Roost
|move|p1a: Jevils To This|Salt Cure|p2a: Skarmory
|-resisted|p2a: Skarmory
|-damage|p2a: Skarmory|58/100
|
|-heal|p2a: Skarmory|64/100|[from] item: Leftovers
|-heal|p1a: Jevils To This|100/100|[from] item: Leftovers
|-damage|p2a: Skarmory|39/100|[from] Salt Cure
|upkeep
|turn|13
|
|t:|1781123734
|move|p1a: Jevils To This|Protect|p1a: Jevils To This
|-singleturn|p1a: Jevils To This|Protect
|move|p2a: Skarmory|Roost|p2a: Skarmory
|-heal|p2a: Skarmory|89/100
|-singleturn|p2a: Skarmory|move: Roost
|
|-heal|p2a: Skarmory|95/100|[from] item: Leftovers
|-damage|p2a: Skarmory|71/100|[from] Salt Cure
|upkeep
|turn|14
|
|t:|1781123742
|move|p2a: Skarmory|Body Press|p1a: Jevils To This
|-resisted|p1a: Jevils To This
|-damage|p1a: Jevils To This|90/100
|move|p1a: Jevils To This|Salt Cure|p2a: Skarmory
|-damage|p2a: Skarmory|62/100
|
|-heal|p2a: Skarmory|68/100|[from] item: Leftovers
|-heal|p1a: Jevils To This|97/100|[from] item: Leftovers
|-damage|p2a: Skarmory|43/100|[from] Salt Cure
|upkeep
|turn|15
|
|t:|1781123748
|move|p2a: Skarmory|Roost|p2a: Skarmory
|-heal|p2a: Skarmory|93/100
|-singleturn|p2a: Skarmory|move: Roost
|move|p1a: Jevils To This|Salt Cure|p2a: Skarmory
|-resisted|p2a: Skarmory
|-damage|p2a: Skarmory|89/100
|
|-heal|p2a: Skarmory|95/100|[from] item: Leftovers
|-heal|p1a: Jevils To This|100/100|[from] item: Leftovers
|-damage|p2a: Skarmory|70/100|[from] Salt Cure
|upkeep
|turn|16
|
|t:|1781123755
|move|p2a: Skarmory|Body Press|p1a: Jevils To This
|-resisted|p1a: Jevils To This
|-damage|p1a: Jevils To This|90/100
|move|p1a: Jevils To This|Salt Cure|p2a: Skarmory
|-damage|p2a: Skarmory|62/100
|
|-heal|p2a: Skarmory|68/100|[from] item: Leftovers
|-heal|p1a: Jevils To This|96/100|[from] item: Leftovers
|-damage|p2a: Skarmory|43/100|[from] Salt Cure
|upkeep
|turn|17
|
|t:|1781123758
|switch|p1a: ExGon'SpinIntoYa|Excadrill, M|100/100
|-damage|p1a: ExGon'SpinIntoYa|97/100|[from] Stealth Rock
|-damage|p1a: ExGon'SpinIntoYa|81/100|[from] Spikes
|move|p2a: Skarmory|Roost|p2a: Skarmory
|-heal|p2a: Skarmory|93/100
|-singleturn|p2a: Skarmory|move: Roost
|
|-heal|p1a: ExGon'SpinIntoYa|87/100|[from] item: Leftovers
|-heal|p2a: Skarmory|99/100|[from] item: Leftovers
|-damage|p2a: Skarmory|74/100|[from] Salt Cure
|upkeep
|turn|18
|
|t:|1781123764
|move|p1a: ExGon'SpinIntoYa|Rapid Spin|p2a: Skarmory
|-resisted|p2a: Skarmory
|-damage|p2a: Skarmory|69/100
|-boost|p1a: ExGon'SpinIntoYa|spe|1
|-sideend|p1: PiggLad|Spikes|[from] move: Rapid Spin|[of] p1a: ExGon'SpinIntoYa
|-sideend|p1: PiggLad|Stealth Rock|[from] move: Rapid Spin|[of] p1a: ExGon'SpinIntoYa
|move|p2a: Skarmory|Body Press|p1a: ExGon'SpinIntoYa
|-supereffective|p1a: ExGon'SpinIntoYa
|-damage|p1a: ExGon'SpinIntoYa|0 fnt
|faint|p1a: ExGon'SpinIntoYa
|
|-heal|p2a: Skarmory|75/100|[from] item: Leftovers
|-damage|p2a: Skarmory|50/100|[from] Salt Cure
|upkeep
|
|t:|1781123772
|switch|p1a: WhoBEdginTheyStone|Tyranitar, M|100/100
|-weather|Sandstorm|[from] ability: Sand Stream|[of] p1a: WhoBEdginTheyStone
|turn|19
|
|t:|1781123776
|move|p1a: WhoBEdginTheyStone|Knock Off|p2a: Skarmory
|-damage|p2a: Skarmory|0 fnt
|-enditem|p2a: Skarmory|Leftovers|[from] move: Knock Off|[of] p1a: WhoBEdginTheyStone
|faint|p2a: Skarmory
|
|-weather|Sandstorm|[upkeep]
|upkeep
|
|t:|1781123783
|switch|p2a: Hippowdon|Hippowdon, M|82/100
|-damage|p2a: Hippowdon|76/100|[from] Stealth Rock
|turn|20
|
|t:|1781123788
|move|p1a: WhoBEdginTheyStone|Knock Off|p2a: Hippowdon
|-damage|p2a: Hippowdon|34/100
|-enditem|p2a: Hippowdon|Leftovers|[from] move: Knock Off|[of] p1a: WhoBEdginTheyStone
|move|p2a: Hippowdon|Stealth Rock|p1a: WhoBEdginTheyStone
|-sidestart|p1: PiggLad|move: Stealth Rock
|
|-weather|Sandstorm|[upkeep]
|upkeep
|turn|21
|
|t:|1781123800
|switch|p1a: Let The Goons Out|Hydrapple, M, shiny|100/100
|-damage|p1a: Let The Goons Out|88/100|[from] Stealth Rock
|move|p2a: Hippowdon|Slack Off|p2a: Hippowdon
|-heal|p2a: Hippowdon|84/100
|
|-weather|Sandstorm|[upkeep]
|-damage|p1a: Let The Goons Out|82/100|[from] Sandstorm
|upkeep
|turn|22
|
|t:|1781123803
|switch|p2a: Zapdos|Zapdos|100/100
|move|p1a: Let The Goons Out|Giga Drain|p2a: Zapdos
|-resisted|p2a: Zapdos
|-damage|p2a: Zapdos|86/100
|-heal|p1a: Let The Goons Out|89/100|[from] drain|[of] p2a: Zapdos
|
|-weather|Sandstorm|[upkeep]
|-damage|p2a: Zapdos|80/100|[from] Sandstorm
|-damage|p1a: Let The Goons Out|83/100|[from] Sandstorm
|upkeep
|turn|23
|
|t:|1781123810
|switch|p1a: Alo Cortisol|Alomomola, F|94/100
|-damage|p1a: Alo Cortisol|82/100|[from] Stealth Rock
|move|p2a: Zapdos|Hurricane|p1a: Alo Cortisol
|-damage|p1a: Alo Cortisol|58/100
|
|-weather|none
|upkeep
|turn|24
|
|t:|1781123816
|switch|p1a: Jevils To This|Garganacl, F, shiny, tera:Fairy|96/100
|-damage|p1a: Jevils To This|84/100|[from] Stealth Rock
|move|p2a: Zapdos|Volt Switch|p1a: Jevils To This
|-damage|p1a: Jevils To This|62/100
|
|t:|1781123821
|switch|p2a: Dragonite|Dragonite, M|100/100|[from] Volt Switch
|
|-heal|p1a: Jevils To This|68/100|[from] item: Leftovers
|upkeep
|turn|25
|
|t:|1781123824
|move|p2a: Dragonite|Dragon Dance|p2a: Dragonite
|-boost|p2a: Dragonite|atk|1
|-boost|p2a: Dragonite|spe|1
|move|p1a: Jevils To This|Salt Cure|p2a: Dragonite
|-supereffective|p2a: Dragonite
|-damage|p2a: Dragonite|87/100
|-start|p2a: Dragonite|Salt Cure
|
|-heal|p1a: Jevils To This|74/100|[from] item: Leftovers
|-damage|p2a: Dragonite|74/100|[from] Salt Cure
|upkeep
|turn|26
|
|t:|1781123829
|move|p2a: Dragonite|Roost|p2a: Dragonite
|-heal|p2a: Dragonite|100/100
|-singleturn|p2a: Dragonite|move: Roost
|move|p1a: Jevils To This|Recover|p1a: Jevils To This
|-heal|p1a: Jevils To This|100/100
|
|-damage|p2a: Dragonite|88/100|[from] Salt Cure
|upkeep
|turn|27
|
|t:|1781123832
|switch|p2a: Zapdos|Zapdos|80/100
|move|p1a: Jevils To This|Salt Cure|p2a: Zapdos
|-supereffective|p2a: Zapdos
|-damage|p2a: Zapdos|60/100
|-start|p2a: Zapdos|Salt Cure
|
|-damage|p2a: Zapdos|47/100|[from] Salt Cure
|upkeep
|turn|28
|
|t:|1781123835
|move|p2a: Zapdos|Roost|p2a: Zapdos
|-heal|p2a: Zapdos|97/100
|-singleturn|p2a: Zapdos|move: Roost
|move|p1a: Jevils To This|Salt Cure|p2a: Zapdos
|-damage|p2a: Zapdos|88/100
|
|-damage|p2a: Zapdos|76/100|[from] Salt Cure
|upkeep
|turn|29
|
|t:|1781123841
|move|p2a: Zapdos|Roost|p2a: Zapdos
|-heal|p2a: Zapdos|100/100
|-singleturn|p2a: Zapdos|move: Roost
|move|p1a: Jevils To This|Salt Cure|p2a: Zapdos
|-damage|p2a: Zapdos|90/100
|
|-damage|p2a: Zapdos|77/100|[from] Salt Cure
|upkeep
|turn|30
|
|t:|1781123845
|move|p1a: Jevils To This|Protect|p1a: Jevils To This
|-singleturn|p1a: Jevils To This|Protect
|move|p2a: Zapdos|Roost|p2a: Zapdos
|-heal|p2a: Zapdos|100/100
|-singleturn|p2a: Zapdos|move: Roost
|
|-damage|p2a: Zapdos|88/100|[from] Salt Cure
|upkeep
|turn|31
|
|t:|1781123849
|move|p2a: Zapdos|Volt Switch|p1a: Jevils To This
|-damage|p1a: Jevils To This|81/100
|
|t:|1781123854
|switch|p2a: Hippowdon|Hippowdon, M|84/100|[from] Volt Switch
|-damage|p2a: Hippowdon|77/100|[from] Stealth Rock
|-weather|Sandstorm|[from] ability: Sand Stream|[of] p2a: Hippowdon
|move|p1a: Jevils To This|Salt Cure|p2a: Hippowdon
|-resisted|p2a: Hippowdon
|-damage|p2a: Hippowdon|73/100
|-start|p2a: Hippowdon|Salt Cure
|
|-weather|Sandstorm|[upkeep]
|-damage|p1a: Jevils To This|75/100|[from] Sandstorm
|-heal|p1a: Jevils To This|81/100|[from] item: Leftovers
|-damage|p2a: Hippowdon|61/100|[from] Salt Cure
|upkeep
|turn|32
|
|t:|1781123861
|move|p1a: Jevils To This|Protect|p1a: Jevils To This
|-singleturn|p1a: Jevils To This|Protect
|move|p2a: Hippowdon|Slack Off|p2a: Hippowdon
|-heal|p2a: Hippowdon|100/100
|
|-weather|Sandstorm|[upkeep]
|-damage|p1a: Jevils To This|75/100|[from] Sandstorm
|-heal|p1a: Jevils To This|81/100|[from] item: Leftovers
|-damage|p2a: Hippowdon|88/100|[from] Salt Cure
|upkeep
|turn|33
|
|t:|1781123865
|switch|p2a: Slowking|Slowking, F|100/100
|move|p1a: Jevils To This|Recover|p1a: Jevils To This
|-heal|p1a: Jevils To This|100/100
|
|-weather|Sandstorm|[upkeep]
|-damage|p1a: Jevils To This|94/100|[from] Sandstorm
|-damage|p2a: Slowking|94/100|[from] Sandstorm
|-heal|p1a: Jevils To This|100/100|[from] item: Leftovers
|upkeep
|turn|34
|
|t:|1781123871
|move|p1a: Jevils To This|Salt Cure|p2a: Slowking
|-damage|p2a: Slowking|79/100
|-start|p2a: Slowking|Salt Cure
|-prepare|p2a: Slowking|Chilly Reception|[premajor]
|move|p2a: Slowking|Chilly Reception|p2a: Slowking
|-weather|Snowscape
|
|t:|1781123874
|switch|p2a: Dragonite|Dragonite, M|88/100|[from] Chilly Reception
|
|-weather|Snowscape|[upkeep]
|upkeep
|turn|35
|
|t:|1781123877
|move|p2a: Dragonite|Dragon Dance|p2a: Dragonite
|-boost|p2a: Dragonite|atk|1
|-boost|p2a: Dragonite|spe|1
|move|p1a: Jevils To This|Salt Cure|p2a: Dragonite
|-supereffective|p2a: Dragonite
|-damage|p2a: Dragonite|58/100
|-start|p2a: Dragonite|Salt Cure
|
|-weather|Snowscape|[upkeep]
|-damage|p2a: Dragonite|46/100|[from] Salt Cure
|upkeep
|turn|36
|
|t:|1781123884
|move|p1a: Jevils To This|Protect|p1a: Jevils To This
|-singleturn|p1a: Jevils To This|Protect
|move|p2a: Dragonite|Roost|p2a: Dragonite
|-heal|p2a: Dragonite|96/100
|-singleturn|p2a: Dragonite|move: Roost
|
|-weather|Snowscape|[upkeep]
|-damage|p2a: Dragonite|84/100|[from] Salt Cure
|upkeep
|turn|37
|
|t:|1781123889
|switch|p2a: Zapdos|Zapdos|88/100
|move|p1a: Jevils To This|Salt Cure|p2a: Zapdos
|-supereffective|p2a: Zapdos
|-damage|p2a: Zapdos|67/100
|-start|p2a: Zapdos|Salt Cure
|
|-weather|Snowscape|[upkeep]
|-damage|p2a: Zapdos|55/100|[from] Salt Cure
|upkeep
|turn|38
|
|t:|1781123898
|move|p2a: Zapdos|Roost|p2a: Zapdos
|-heal|p2a: Zapdos|100/100
|-singleturn|p2a: Zapdos|move: Roost
|move|p1a: Jevils To This|Salt Cure|p2a: Zapdos
|-damage|p2a: Zapdos|91/100
|
|-weather|none
|-damage|p2a: Zapdos|79/100|[from] Salt Cure
|upkeep
|turn|39
|
|t:|1781123907
|move|p1a: Jevils To This|Protect|p1a: Jevils To This
|-singleturn|p1a: Jevils To This|Protect
|move|p2a: Zapdos|Hurricane|p1a: Jevils To This
|-activate|p1a: Jevils To This|move: Protect
|
|-damage|p2a: Zapdos|67/100|[from] Salt Cure
|upkeep
|turn|40
|
|t:|1781123914
|switch|p1a: WhoBEdginTheyStone|Tyranitar, M|100/100
|-damage|p1a: WhoBEdginTheyStone|88/100|[from] Stealth Rock
|-weather|Sandstorm|[from] ability: Sand Stream|[of] p1a: WhoBEdginTheyStone
|move|p2a: Zapdos|Roost|p2a: Zapdos
|-heal|p2a: Zapdos|100/100
|-singleturn|p2a: Zapdos|move: Roost
|
|-weather|Sandstorm|[upkeep]
|-damage|p2a: Zapdos|94/100|[from] Sandstorm
|-damage|p2a: Zapdos|82/100|[from] Salt Cure
|upkeep
|turn|41
|
|t:|1781123922
|move|p2a: Zapdos|Volt Switch|p1a: WhoBEdginTheyStone
|-damage|p1a: WhoBEdginTheyStone|68/100
|
|t:|1781123927
|switch|p2a: Hippowdon|Hippowdon, M|88/100|[from] Volt Switch
|-damage|p2a: Hippowdon|82/100|[from] Stealth Rock
|move|p1a: WhoBEdginTheyStone|Ice Punch|p2a: Hippowdon
|-supereffective|p2a: Hippowdon
|-crit|p2a: Hippowdon
|-damage|p2a: Hippowdon|9/100
|
|-weather|Sandstorm|[upkeep]
|upkeep
|turn|42
|
|t:|1781123933
|switch|p2a: Slowking|Slowking, F|100/100
|move|p1a: WhoBEdginTheyStone|Ice Punch|p2a: Slowking
|-resisted|p2a: Slowking
|-damage|p2a: Slowking|77/100
|
|-weather|Sandstorm|[upkeep]
|-damage|p2a: Slowking|71/100|[from] Sandstorm
|upkeep
|turn|43
|
|t:|1781123944
|switch|p1a: Alo Cortisol|Alomomola, F|91/100
|-damage|p1a: Alo Cortisol|79/100|[from] Stealth Rock
|move|p2a: Slowking|Scald|p1a: Alo Cortisol
|-resisted|p1a: Alo Cortisol
|-damage|p1a: Alo Cortisol|72/100
|
|-weather|Sandstorm|[upkeep]
|-damage|p1a: Alo Cortisol|65/100|[from] Sandstorm
|-damage|p2a: Slowking|64/100|[from] Sandstorm
|upkeep
|turn|44
|
|t:|1781123949
|move|p1a: Alo Cortisol|Flip Turn|p2a: Slowking
|-resisted|p2a: Slowking
|-damage|p2a: Slowking|56/100
|
|t:|1781123958
|switch|p1a: Let The Goons Out|Hydrapple, M, shiny|100/100|[from] Flip Turn
|-damage|p1a: Let The Goons Out|88/100|[from] Stealth Rock
|-prepare|p2a: Slowking|Chilly Reception|[premajor]
|move|p2a: Slowking|Chilly Reception|p2a: Slowking
|-weather|Snowscape
|
|t:|1781123961
|switch|p2a: Zapdos|Zapdos|82/100|[from] Chilly Reception
|
|-weather|Snowscape|[upkeep]
|upkeep
|turn|45
|
|t:|1781123967
|switch|p1a: Alo Cortisol|Alomomola, F|99/100
|-damage|p1a: Alo Cortisol|86/100|[from] Stealth Rock
|move|p2a: Zapdos|Volt Switch|p1a: Alo Cortisol
|-supereffective|p1a: Alo Cortisol
|-damage|p1a: Alo Cortisol|56/100
|
|t:|1781123971
|switch|p2a: Slowking|Slowking, F|89/100|[from] Volt Switch
|
|-weather|Snowscape|[upkeep]
|upkeep
|turn|46
|
|t:|1781123975
|move|p1a: Alo Cortisol|Flip Turn|p2a: Slowking
|-resisted|p2a: Slowking
|-damage|p2a: Slowking|80/100
|
|t:|1781123980
|switch|p1a: Jevils To This|Garganacl, F, shiny, tera:Fairy|100/100|[from] Flip Turn
|-damage|p1a: Jevils To This|88/100|[from] Stealth Rock
|-prepare|p2a: Slowking|Chilly Reception|[premajor]
|move|p2a: Slowking|Chilly Reception|p2a: Slowking
|
|t:|1781123982
|switch|p2a: Hippowdon|Hippowdon, M|9/100|[from] Chilly Reception
|-damage|p2a: Hippowdon|3/100|[from] Stealth Rock
|-weather|Sandstorm|[from] ability: Sand Stream|[of] p2a: Hippowdon
|
|-weather|Sandstorm|[upkeep]
|-damage|p1a: Jevils To This|82/100|[from] Sandstorm
|-heal|p1a: Jevils To This|88/100|[from] item: Leftovers
|upkeep
|turn|47
|
|t:|1781123992
|switch|p1a: Let The Goons Out|Hydrapple, M, shiny|100/100
|-damage|p1a: Let The Goons Out|88/100|[from] Stealth Rock
|move|p2a: Hippowdon|Slack Off|p2a: Hippowdon
|-heal|p2a: Hippowdon|53/100
|
|-weather|Sandstorm|[upkeep]
|-damage|p1a: Let The Goons Out|82/100|[from] Sandstorm
|upkeep
|turn|48
|
|t:|1781124000
|switch|p2a: Dragonite|Dragonite, M|84/100
|move|p1a: Let The Goons Out|Fickle Beam|p2a: Dragonite
|-supereffective|p2a: Dragonite
|-damage|p2a: Dragonite|13/100
|
|-weather|Sandstorm|[upkeep]
|-damage|p2a: Dragonite|7/100|[from] Sandstorm
|-damage|p1a: Let The Goons Out|76/100|[from] Sandstorm
|upkeep
|turn|49
|
|t:|1781124006
|switch|p2a: Primarina|Primarina, F|47/100
|-damage|p2a: Primarina|35/100|[from] Stealth Rock
|move|p1a: Let The Goons Out|Nasty Plot|p1a: Let The Goons Out
|-boost|p1a: Let The Goons Out|spa|2
|
|-weather|Sandstorm|[upkeep]
|-damage|p2a: Primarina|29/100|[from] Sandstorm
|-damage|p1a: Let The Goons Out|70/100|[from] Sandstorm
|upkeep
|turn|50
|
|t:|1781124011
|switch|p2a: Dragonite|Dragonite, M|7/100
|switch|p1a: Alo Cortisol|Alomomola, F|89/100
|-damage|p1a: Alo Cortisol|77/100|[from] Stealth Rock
|
|-weather|none
|upkeep
|turn|51
|
|t:|1781124015
|move|p2a: Dragonite|Roost|p2a: Dragonite
|-heal|p2a: Dragonite|57/100
|-singleturn|p2a: Dragonite|move: Roost
|move|p1a: Alo Cortisol|Flip Turn|p2a: Dragonite
|-resisted|p2a: Dragonite
|-damage|p2a: Dragonite|48/100
|
|t:|1781124027
|switch|p1a: Let The Goons Out|Hydrapple, M, shiny|100/100|[from] Flip Turn
|-damage|p1a: Let The Goons Out|88/100|[from] Stealth Rock
|
|upkeep
|turn|52
|
|t:|1781124032
|switch|p2a: Primarina|Primarina, F|29/100
|-damage|p2a: Primarina|16/100|[from] Stealth Rock
|move|p1a: Let The Goons Out|Nasty Plot|p1a: Let The Goons Out
|-boost|p1a: Let The Goons Out|spa|2
|
|upkeep
|turn|53
|
|t:|1781124034
|switch|p2a: Dragonite|Dragonite, M|48/100
|switch|p1a: Alo Cortisol|Alomomola, F|100/100
|-damage|p1a: Alo Cortisol|88/100|[from] Stealth Rock
|
|upkeep
|turn|54
|
|t:|1781124038
|move|p2a: Dragonite|Roost|p2a: Dragonite
|-heal|p2a: Dragonite|98/100
|-singleturn|p2a: Dragonite|move: Roost
|move|p1a: Alo Cortisol|Flip Turn|p2a: Dragonite
|-resisted|p2a: Dragonite
|-damage|p2a: Dragonite|89/100
|
|t:|1781124041
|switch|p1a: Let The Goons Out|Hydrapple, M, shiny|100/100|[from] Flip Turn
|-damage|p1a: Let The Goons Out|88/100|[from] Stealth Rock
|
|upkeep
|turn|55
|
|t:|1781124048
|switch|p2a: Zapdos|Zapdos|82/100
|move|p1a: Let The Goons Out|Nasty Plot|p1a: Let The Goons Out
|-boost|p1a: Let The Goons Out|spa|2
|
|upkeep
|turn|56
|
|t:|1781124058
|switch|p1a: Alo Cortisol|Alomomola, F|100/100
|-damage|p1a: Alo Cortisol|88/100|[from] Stealth Rock
|move|p2a: Zapdos|Hurricane|p1a: Alo Cortisol
|-damage|p1a: Alo Cortisol|63/100
|
|upkeep
|turn|57
|
|t:|1781124062
|move|p2a: Zapdos|Volt Switch|p1a: Alo Cortisol
|-supereffective|p1a: Alo Cortisol
|-damage|p1a: Alo Cortisol|30/100
|
|t:|1781124067
|switch|p2a: Dragonite|Dragonite, M|89/100|[from] Volt Switch
|move|p1a: Alo Cortisol|Flip Turn|p2a: Dragonite
|-resisted|p2a: Dragonite
|-damage|p2a: Dragonite|80/100
|
|t:|1781124074
|switch|p1a: Jevils To This|Garganacl, F, shiny, tera:Fairy|88/100|[from] Flip Turn
|-damage|p1a: Jevils To This|76/100|[from] Stealth Rock
|
|-heal|p1a: Jevils To This|82/100|[from] item: Leftovers
|upkeep
|turn|58
|
|t:|1781124080
|move|p2a: Dragonite|Dragon Dance|p2a: Dragonite
|-boost|p2a: Dragonite|atk|1
|-boost|p2a: Dragonite|spe|1
|move|p1a: Jevils To This|Salt Cure|p2a: Dragonite
|-supereffective|p2a: Dragonite
|-damage|p2a: Dragonite|49/100
|-start|p2a: Dragonite|Salt Cure
|
|-heal|p1a: Jevils To This|88/100|[from] item: Leftovers
|-damage|p2a: Dragonite|37/100|[from] Salt Cure
|upkeep
|turn|59
|
|t:|1781124087
|switch|p1a: Let The Goons Out|Hydrapple, M, shiny|100/100
|-damage|p1a: Let The Goons Out|88/100|[from] Stealth Rock
|move|p2a: Dragonite|Roost|p2a: Dragonite
|-heal|p2a: Dragonite|87/100
|-singleturn|p2a: Dragonite|move: Roost
|
|-damage|p2a: Dragonite|75/100|[from] Salt Cure
|upkeep
|turn|60
|
|t:|1781124093
|switch|p2a: Zapdos|Zapdos|82/100
|move|p1a: Let The Goons Out|Fickle Beam|p2a: Zapdos|[anim] Fickle Beam All Out
|-activate|p1a: Let The Goons Out|move: Fickle Beam
|-damage|p2a: Zapdos|17/100
|
|upkeep
|turn|61
|
|t:|1781124105
|switch|p1a: Jevils To This|Garganacl, F, shiny, tera:Fairy|88/100
|-damage|p1a: Jevils To This|76/100|[from] Stealth Rock
|move|p2a: Zapdos|Roost|p2a: Zapdos
|-heal|p2a: Zapdos|67/100
|-singleturn|p2a: Zapdos|move: Roost
|
|-heal|p1a: Jevils To This|82/100|[from] item: Leftovers
|upkeep
|turn|62
|
|t:|1781124110
|move|p2a: Zapdos|Roost|p2a: Zapdos
|-heal|p2a: Zapdos|100/100
|-singleturn|p2a: Zapdos|move: Roost
|move|p1a: Jevils To This|Salt Cure|p2a: Zapdos
|-damage|p2a: Zapdos|91/100
|-start|p2a: Zapdos|Salt Cure
|
|-heal|p1a: Jevils To This|88/100|[from] item: Leftovers
|-damage|p2a: Zapdos|79/100|[from] Salt Cure
|upkeep
|turn|63
|
|t:|1781124118
|switch|p2a: Hippowdon|Hippowdon, M|53/100
|-damage|p2a: Hippowdon|47/100|[from] Stealth Rock
|-weather|Sandstorm|[from] ability: Sand Stream|[of] p2a: Hippowdon
|move|p1a: Jevils To This|Protect||[still]
|-fail|p1a: Jevils To This
|
|-weather|Sandstorm|[upkeep]
|-damage|p1a: Jevils To This|82/100|[from] Sandstorm
|-heal|p1a: Jevils To This|88/100|[from] item: Leftovers
|upkeep
|turn|64
|
|t:|1781124128
|switch|p1a: Let The Goons Out|Hydrapple, M, shiny|100/100
|-damage|p1a: Let The Goons Out|88/100|[from] Stealth Rock
|move|p2a: Hippowdon|Slack Off|p2a: Hippowdon
|-heal|p2a: Hippowdon|97/100
|
|-weather|Sandstorm|[upkeep]
|-damage|p1a: Let The Goons Out|82/100|[from] Sandstorm
|upkeep
|turn|65
|
|t:|1781124133
|switch|p2a: Zapdos|Zapdos|79/100
|move|p1a: Let The Goons Out|Fickle Beam|p2a: Zapdos|[anim] Fickle Beam All Out
|-activate|p1a: Let The Goons Out|move: Fickle Beam
|-damage|p2a: Zapdos|21/100
|
|-weather|Sandstorm|[upkeep]
|-damage|p2a: Zapdos|15/100|[from] Sandstorm
|-damage|p1a: Let The Goons Out|76/100|[from] Sandstorm
|upkeep
|turn|66
|
|t:|1781124145
|switch|p1a: Jevils To This|Garganacl, F, shiny, tera:Fairy|88/100
|-damage|p1a: Jevils To This|76/100|[from] Stealth Rock
|move|p2a: Zapdos|Roost|p2a: Zapdos
|-heal|p2a: Zapdos|65/100
|-singleturn|p2a: Zapdos|move: Roost
|
|-weather|Sandstorm|[upkeep]
|-damage|p2a: Zapdos|59/100|[from] Sandstorm
|-damage|p1a: Jevils To This|69/100|[from] Sandstorm
|-heal|p1a: Jevils To This|76/100|[from] item: Leftovers
|upkeep
|turn|67
|
|t:|1781124149
|switch|p2a: Dragonite|Dragonite, M|75/100
|move|p1a: Jevils To This|Salt Cure|p2a: Dragonite
|-supereffective|p2a: Dragonite
|-damage|p2a: Dragonite|43/100
|-start|p2a: Dragonite|Salt Cure
|
|-weather|none
|-heal|p1a: Jevils To This|82/100|[from] item: Leftovers
|-damage|p2a: Dragonite|31/100|[from] Salt Cure
|upkeep
|turn|68
|
|t:|1781124156
|move|p1a: Jevils To This|Protect|p1a: Jevils To This
|-singleturn|p1a: Jevils To This|Protect
|move|p2a: Dragonite|Roost|p2a: Dragonite
|-heal|p2a: Dragonite|81/100
|-singleturn|p2a: Dragonite|move: Roost
|
|-heal|p1a: Jevils To This|88/100|[from] item: Leftovers
|-damage|p2a: Dragonite|69/100|[from] Salt Cure
|upkeep
|turn|69
|
|t:|1781124164
|switch|p1a: Alo Cortisol|Alomomola, F|63/100
|-damage|p1a: Alo Cortisol|51/100|[from] Stealth Rock
|move|p2a: Dragonite|Roost|p2a: Dragonite
|-heal|p2a: Dragonite|100/100
|-singleturn|p2a: Dragonite|move: Roost
|
|-damage|p2a: Dragonite|88/100|[from] Salt Cure
|upkeep
|turn|70
|
|t:|1781124171
|switch|p1a: Let The Goons Out|Hydrapple, M, shiny|100/100
|-damage|p1a: Let The Goons Out|88/100|[from] Stealth Rock
|move|p2a: Dragonite|Earthquake|p1a: Let The Goons Out
|-resisted|p1a: Let The Goons Out
|-damage|p1a: Let The Goons Out|78/100
|
|-damage|p2a: Dragonite|76/100|[from] Salt Cure
|upkeep
|turn|71
|
|t:|1781124174
|switch|p2a: Zapdos|Zapdos|59/100
|move|p1a: Let The Goons Out|Fickle Beam|p2a: Zapdos
|-damage|p2a: Zapdos|29/100
|
|upkeep
|turn|72
|
|t:|1781124182
|switch|p1a: Jevils To This|Garganacl, F, shiny, tera:Fairy|88/100
|-damage|p1a: Jevils To This|76/100|[from] Stealth Rock
|move|p2a: Zapdos|Volt Switch|p1a: Jevils To This
|-damage|p1a: Jevils To This|54/100
|
|t:|1781124185
|switch|p2a: Primarina|Primarina, F|16/100|[from] Volt Switch
|-damage|p2a: Primarina|4/100|[from] Stealth Rock
|
|-heal|p1a: Jevils To This|60/100|[from] item: Leftovers
|upkeep
|turn|73
|
|t:|1781124190
|move|p1a: Jevils To This|Protect|p1a: Jevils To This
|-singleturn|p1a: Jevils To This|Protect
|move|p2a: Primarina|Moonblast|p1a: Jevils To This
|-activate|p1a: Jevils To This|move: Protect
|
|-heal|p1a: Jevils To This|66/100|[from] item: Leftovers
|upkeep
|turn|74
|
|t:|1781124196
|move|p2a: Primarina|Surf|p1a: Jevils To This
|-damage|p1a: Jevils To This|11/100
|move|p1a: Jevils To This|Recover|p1a: Jevils To This
|-heal|p1a: Jevils To This|61/100
|
|-heal|p1a: Jevils To This|67/100|[from] item: Leftovers
|upkeep
|turn|75
|
|t:|1781124207
|move|p1a: Jevils To This|Protect|p1a: Jevils To This
|-singleturn|p1a: Jevils To This|Protect
|move|p2a: Primarina|Surf|p1a: Jevils To This
|-activate|p1a: Jevils To This|move: Protect
|
|-heal|p1a: Jevils To This|73/100|[from] item: Leftovers
|upkeep
|turn|76
|
|t:|1781124212
|switch|p1a: Alo Cortisol|Alomomola, F|84/100
|-damage|p1a: Alo Cortisol|72/100|[from] Stealth Rock
|move|p2a: Primarina|Surf|p1a: Alo Cortisol
|-resisted|p1a: Alo Cortisol
|-damage|p1a: Alo Cortisol|49/100
|
|upkeep
|turn|77
|
|t:|1781124221
|move|p2a: Primarina|Moonblast|p1a: Alo Cortisol
|-damage|p1a: Alo Cortisol|20/100
|-unboost|p1a: Alo Cortisol|spa|1
|move|p1a: Alo Cortisol|Flip Turn|p2a: Primarina
|-resisted|p2a: Primarina
|-damage|p2a: Primarina|0 fnt
|faint|p2a: Primarina
|
|t:|1781124232
|switch|p1a: Jevils To This|Garganacl, F, shiny, tera:Fairy|73/100|[from] Flip Turn
|-damage|p1a: Jevils To This|61/100|[from] Stealth Rock
|
|-heal|p1a: Jevils To This|67/100|[from] item: Leftovers
|upkeep
|
|t:|1781124238
|switch|p2a: Slowking|Slowking, F|100/100
|turn|78
|
|t:|1781124242
|move|p1a: Jevils To This|Recover|p1a: Jevils To This
|-heal|p1a: Jevils To This|100/100
|move|p2a: Slowking|Future Sight|p1a: Jevils To This
|-start|p2a: Slowking|move: Future Sight
|
|upkeep
|turn|79
|
|t:|1781124246
|move|p1a: Jevils To This|Salt Cure|p2a: Slowking
|-damage|p2a: Slowking|85/100
|-start|p2a: Slowking|Salt Cure
|move|p2a: Slowking|Scald|p1a: Jevils To This
|-damage|p1a: Jevils To This|81/100
|
|-heal|p1a: Jevils To This|87/100|[from] item: Leftovers
|-damage|p2a: Slowking|60/100|[from] Salt Cure
|upkeep
|turn|80
|
|t:|1781124253
|move|p1a: Jevils To This|Protect|p1a: Jevils To This
|-singleturn|p1a: Jevils To This|Protect
|move|p2a: Slowking|Slack Off|p2a: Slowking
|-heal|p2a: Slowking|100/100
|
|-end|p1a: Jevils To This|move: Future Sight
|-damage|p1a: Jevils To This|56/100
|-heal|p1a: Jevils To This|62/100|[from] item: Leftovers
|-damage|p2a: Slowking|76/100|[from] Salt Cure
|upkeep
|turn|81
|
|t:|1781124256
|move|p1a: Jevils To This|Recover|p1a: Jevils To This
|-heal|p1a: Jevils To This|100/100
|move|p2a: Slowking|Slack Off|p2a: Slowking
|-heal|p2a: Slowking|100/100
|
|-damage|p2a: Slowking|76/100|[from] Salt Cure
|upkeep
|turn|82
|
|t:|1781124262
|switch|p1a: WhoBEdginTheyStone|Tyranitar, M|68/100
|-damage|p1a: WhoBEdginTheyStone|56/100|[from] Stealth Rock
|-weather|Sandstorm|[from] ability: Sand Stream|[of] p1a: WhoBEdginTheyStone
|-prepare|p2a: Slowking|Chilly Reception|[premajor]
|move|p2a: Slowking|Chilly Reception|p2a: Slowking
|-weather|Snowscape
|
|t:|1781124267
|switch|p2a: Dragonite|Dragonite, M|76/100|[from] Chilly Reception
|
|-weather|Snowscape|[upkeep]
|upkeep
|turn|83
|
|t:|1781124272
|switch|p2a: Zapdos|Zapdos|29/100
|switch|p1a: Let The Goons Out|Hydrapple, M, shiny|100/100
|-damage|p1a: Let The Goons Out|88/100|[from] Stealth Rock
|
|-weather|Snowscape|[upkeep]
|upkeep
|turn|84
|
|t:|1781124276
|switch|p1a: Jevils To This|Garganacl, F, shiny, tera:Fairy|100/100
|-damage|p1a: Jevils To This|88/100|[from] Stealth Rock
|move|p2a: Zapdos|Hurricane|p1a: Jevils To This
|-damage|p1a: Jevils To This|57/100
|
|-weather|Snowscape|[upkeep]
|-heal|p1a: Jevils To This|63/100|[from] item: Leftovers
|upkeep
|turn|85
|
|t:|1781124280
|switch|p2a: Slowking|Slowking, F|100/100
|move|p1a: Jevils To This|Recover|p1a: Jevils To This
|-heal|p1a: Jevils To This|100/100
|
|-weather|Snowscape|[upkeep]
|upkeep
|turn|86
|
|t:|1781124283
|move|p1a: Jevils To This|Salt Cure|p2a: Slowking
|-damage|p2a: Slowking|86/100
|-start|p2a: Slowking|Salt Cure
|move|p2a: Slowking|Future Sight|p1a: Jevils To This
|-start|p2a: Slowking|move: Future Sight
|
|-weather|none
|-damage|p2a: Slowking|61/100|[from] Salt Cure
|upkeep
|turn|87
|
|t:|1781124289
|move|p1a: Jevils To This|Protect|p1a: Jevils To This
|-singleturn|p1a: Jevils To This|Protect
|-prepare|p2a: Slowking|Chilly Reception|[premajor]
|move|p2a: Slowking|Chilly Reception|p2a: Slowking
|-weather|Snowscape
|
|t:|1781124296
|switch|p2a: Zapdos|Zapdos|29/100|[from] Chilly Reception
|
|-weather|Snowscape|[upkeep]
|upkeep
|turn|88
|
|t:|1781124301
|move|p2a: Zapdos|Volt Switch|p1a: Jevils To This
|-damage|p1a: Jevils To This|80/100
|
|t:|1781124305
|switch|p2a: Slowking|Slowking, F|94/100|[from] Volt Switch
|move|p1a: Jevils To This|Salt Cure|p2a: Slowking
|-damage|p2a: Slowking|80/100
|-start|p2a: Slowking|Salt Cure
|
|-weather|Snowscape|[upkeep]
|-end|p1a: Jevils To This|move: Future Sight
|-damage|p1a: Jevils To This|51/100
|-heal|p1a: Jevils To This|58/100|[from] item: Leftovers
|-damage|p2a: Slowking|55/100|[from] Salt Cure
|upkeep
|turn|89
|
|t:|1781124311
|move|p1a: Jevils To This|Protect|p1a: Jevils To This
|-singleturn|p1a: Jevils To This|Protect
|move|p2a: Slowking|Slack Off|p2a: Slowking
|-heal|p2a: Slowking|100/100
|
|-weather|Snowscape|[upkeep]
|-heal|p1a: Jevils To This|64/100|[from] item: Leftovers
|-damage|p2a: Slowking|76/100|[from] Salt Cure
|upkeep
|turn|90
|
|t:|1781124325
|switch|p1a: Let The Goons Out|Hydrapple, M, shiny|100/100
|-damage|p1a: Let The Goons Out|88/100|[from] Stealth Rock
|move|p2a: Slowking|Slack Off|p2a: Slowking
|-heal|p2a: Slowking|100/100
|
|-weather|Snowscape|[upkeep]
|-damage|p2a: Slowking|76/100|[from] Salt Cure
|upkeep
|turn|91
|
|t:|1781124334
|move|p1a: Let The Goons Out|Fickle Beam|p2a: Slowking|[anim] Fickle Beam All Out
|-activate|p1a: Let The Goons Out|move: Fickle Beam
|-damage|p2a: Slowking|37/100
|-prepare|p2a: Slowking|Chilly Reception|[premajor]
|move|p2a: Slowking|Chilly Reception|p2a: Slowking
|
|t:|1781124337
|switch|p2a: Zapdos|Zapdos|29/100|[from] Chilly Reception
|
|-weather|none
|upkeep
|turn|92
|
|t:|1781124347
|switch|p1a: WhoBEdginTheyStone|Tyranitar, M|56/100
|-damage|p1a: WhoBEdginTheyStone|43/100|[from] Stealth Rock
|-weather|Sandstorm|[from] ability: Sand Stream|[of] p1a: WhoBEdginTheyStone
|move|p2a: Zapdos|Hurricane|p1a: WhoBEdginTheyStone
|-resisted|p1a: WhoBEdginTheyStone
|-damage|p1a: WhoBEdginTheyStone|29/100
|
|-weather|Sandstorm|[upkeep]
|-damage|p2a: Zapdos|23/100|[from] Sandstorm
|upkeep
|turn|93
|
|t:|1781124360
|move|p2a: Zapdos|Volt Switch|p1a: WhoBEdginTheyStone
|-damage|p1a: WhoBEdginTheyStone|8/100
|
|t:|1781124366
|switch|p2a: Hippowdon|Hippowdon, M|97/100|[from] Volt Switch
|-damage|p2a: Hippowdon|90/100|[from] Stealth Rock
|move|p1a: WhoBEdginTheyStone|Knock Off|p2a: Hippowdon
|-damage|p2a: Hippowdon|62/100
|
|-weather|Sandstorm|[upkeep]
|upkeep
|turn|94
|
|t:|1781124371
|move|p1a: WhoBEdginTheyStone|Knock Off|p2a: Hippowdon
|-damage|p2a: Hippowdon|30/100
|move|p2a: Hippowdon|Slack Off|p2a: Hippowdon
|-heal|p2a: Hippowdon|80/100
|
|-weather|Sandstorm|[upkeep]
|upkeep
|turn|95
|
|t:|1781124377
|move|p1a: WhoBEdginTheyStone|Knock Off|p2a: Hippowdon
|-damage|p2a: Hippowdon|48/100
|move|p2a: Hippowdon|Slack Off|p2a: Hippowdon
|-heal|p2a: Hippowdon|98/100
|
|-weather|Sandstorm|[upkeep]
|upkeep
|turn|96
|
|t:|1781124384
|move|p1a: WhoBEdginTheyStone|Knock Off|p2a: Hippowdon
|-damage|p2a: Hippowdon|70/100
|move|p2a: Hippowdon|Slack Off|p2a: Hippowdon
|-heal|p2a: Hippowdon|100/100
|
|-weather|none
|upkeep
|turn|97
|
|t:|1781124387
|move|p1a: WhoBEdginTheyStone|Knock Off|p2a: Hippowdon
|-damage|p2a: Hippowdon|68/100
|move|p2a: Hippowdon|Whirlwind|p1a: WhoBEdginTheyStone
|drag|p1a: Alo Cortisol|Alomomola, F|53/100
|-damage|p1a: Alo Cortisol|40/100|[from] Stealth Rock
|
|upkeep
|turn|98
|
|t:|1781124401
|switch|p2a: Slowking|Slowking, F|70/100
|move|p1a: Alo Cortisol|Flip Turn|p2a: Slowking
|-resisted|p2a: Slowking
|-damage|p2a: Slowking|61/100
|
|t:|1781124404
|switch|p1a: Let The Goons Out|Hydrapple, M, shiny|100/100|[from] Flip Turn
|-damage|p1a: Let The Goons Out|88/100|[from] Stealth Rock
|
|upkeep
|turn|99
|
|t:|1781124412
|move|p1a: Let The Goons Out|Giga Drain|p2a: Slowking
|-supereffective|p2a: Slowking
|-damage|p2a: Slowking|26/100
|-heal|p1a: Let The Goons Out|100/100|[from] drain|[of] p2a: Slowking
|-prepare|p2a: Slowking|Chilly Reception|[premajor]
|move|p2a: Slowking|Chilly Reception|p2a: Slowking
|-weather|Snowscape
|
|t:|1781124415
|switch|p2a: Zapdos|Zapdos|23/100|[from] Chilly Reception
|
|-weather|Snowscape|[upkeep]
|upkeep
|turn|100
|
|t:|1781124420
|switch|p1a: WhoBEdginTheyStone|Tyranitar, M|8/100
|-damage|p1a: WhoBEdginTheyStone|0 fnt|[from] Stealth Rock
|faint|p1a: WhoBEdginTheyStone
|move|p2a: Zapdos|Hurricane|p1: WhoBEdginTheyStone|[notarget]
|-fail|p2a: Zapdos
|
|-weather|Snowscape|[upkeep]
|upkeep
|
|t:|1781124424
|switch|p1a: Larpin Diddy Foid|Enamorus, F|100/100
|-damage|p1a: Larpin Diddy Foid|76/100|[from] Stealth Rock
|turn|101
|
|t:|1781124430
|move|p1a: Larpin Diddy Foid|Moonblast|p2a: Zapdos
|-crit|p2a: Zapdos
|-damage|p2a: Zapdos|0 fnt
|faint|p2a: Zapdos
|
|-weather|Snowscape|[upkeep]
|upkeep
|
|t:|1781124433
|switch|p2a: Slowking|Slowking, F|59/100
|turn|102
|
|t:|1781124441
|switch|p1a: Alo Cortisol|Alomomola, F|74/100
|-damage|p1a: Alo Cortisol|61/100|[from] Stealth Rock
|move|p2a: Slowking|Slack Off|p2a: Slowking
|-heal|p2a: Slowking|100/100
|
|-weather|Snowscape|[upkeep]
|upkeep
|turn|103
|
|t:|1781124448
|move|p1a: Alo Cortisol|Body Slam|p2a: Slowking
|-damage|p2a: Slowking|86/100
|move|p2a: Slowking|Scald|p1a: Alo Cortisol
|-resisted|p1a: Alo Cortisol
|-damage|p1a: Alo Cortisol|53/100
|
|-weather|none
|upkeep
|turn|104
|
|t:|1781124452
|move|p2a: Slowking|Scald|p1a: Alo Cortisol
|-resisted|p1a: Alo Cortisol
|-damage|p1a: Alo Cortisol|46/100
|move|p1a: Alo Cortisol|Mirror Coat|p2a: Slowking
|-damage|p2a: Slowking|67/100
|
|upkeep
|turn|105
|
|t:|1781124456
|move|p1a: Alo Cortisol|Body Slam|p2a: Slowking
|-damage|p2a: Slowking|53/100
|-prepare|p2a: Slowking|Chilly Reception|[premajor]
|move|p2a: Slowking|Chilly Reception|p2a: Slowking
|-weather|Snowscape
|
|t:|1781124462
|switch|p2a: Hippowdon|Hippowdon, M|68/100|[from] Chilly Reception
|-damage|p2a: Hippowdon|62/100|[from] Stealth Rock
|-weather|Sandstorm|[from] ability: Sand Stream|[of] p2a: Hippowdon
|
|-weather|Sandstorm|[upkeep]
|-damage|p1a: Alo Cortisol|40/100|[from] Sandstorm
|upkeep
|turn|106
|
|t:|1781124465
|move|p1a: Alo Cortisol|Flip Turn|p2a: Hippowdon
|-supereffective|p2a: Hippowdon
|-damage|p2a: Hippowdon|44/100
|
|t:|1781124469
|switch|p1a: Let The Goons Out|Hydrapple, M, shiny|100/100|[from] Flip Turn
|-damage|p1a: Let The Goons Out|88/100|[from] Stealth Rock
|move|p2a: Hippowdon|Whirlwind|p1a: Let The Goons Out
|drag|p1a: Jevils To This|Garganacl, F, shiny, tera:Fairy|64/100
|-damage|p1a: Jevils To This|51/100|[from] Stealth Rock
|
|-weather|Sandstorm|[upkeep]
|-damage|p1a: Jevils To This|45/100|[from] Sandstorm
|-heal|p1a: Jevils To This|51/100|[from] item: Leftovers
|upkeep
|turn|107
|
|t:|1781124473
|switch|p1a: Let The Goons Out|Hydrapple, M, shiny|100/100
|-damage|p1a: Let The Goons Out|88/100|[from] Stealth Rock
|move|p2a: Hippowdon|Earthquake|p1a: Let The Goons Out
|-resisted|p1a: Let The Goons Out
|-crit|p1a: Let The Goons Out
|-damage|p1a: Let The Goons Out|74/100
|
|-weather|Sandstorm|[upkeep]
|-damage|p1a: Let The Goons Out|67/100|[from] Sandstorm
|upkeep
|turn|108
|
|t:|1781124478
|-terastallize|p2a: Hippowdon|Steel
|move|p2a: Hippowdon|Slack Off|p2a: Hippowdon
|-heal|p2a: Hippowdon|94/100
|move|p1a: Let The Goons Out|Giga Drain|p2a: Hippowdon
|-resisted|p2a: Hippowdon
|-damage|p2a: Hippowdon|79/100
|-heal|p1a: Let The Goons Out|75/100|[from] drain|[of] p2a: Hippowdon
|
|-weather|Sandstorm|[upkeep]
|-damage|p1a: Let The Goons Out|69/100|[from] Sandstorm
|upkeep
|turn|109
|
|t:|1781124481
|move|p1a: Let The Goons Out|Earth Power|p2a: Hippowdon
|-supereffective|p2a: Hippowdon
|-damage|p2a: Hippowdon|29/100
|move|p2a: Hippowdon|Whirlwind|p1a: Let The Goons Out
|drag|p1a: Alo Cortisol|Alomomola, F|73/100
|-damage|p1a: Alo Cortisol|61/100|[from] Stealth Rock
|
|-weather|none
|upkeep
|turn|110
|
|t:|1781124487
|move|p1a: Alo Cortisol|Flip Turn|p2a: Hippowdon
|-damage|p2a: Hippowdon|20/100
|
|t:|1781124489
|switch|p1a: Let The Goons Out|Hydrapple, M, shiny|100/100|[from] Flip Turn
|-damage|p1a: Let The Goons Out|88/100|[from] Stealth Rock
|move|p2a: Hippowdon|Whirlwind|p1a: Let The Goons Out
|drag|p1a: Alo Cortisol|Alomomola, F|94/100
|-damage|p1a: Alo Cortisol|81/100|[from] Stealth Rock
|
|upkeep
|turn|111
|
|t:|1781124496
|move|p1a: Alo Cortisol|Scald|p2a: Hippowdon
|-damage|p2a: Hippowdon|5/100
|move|p2a: Hippowdon|Whirlwind|p1a: Alo Cortisol
|drag|p1a: Larpin Diddy Foid|Enamorus, F|76/100
|-damage|p1a: Larpin Diddy Foid|51/100|[from] Stealth Rock
|
|upkeep
|turn|112
|
|t:|1781124501
|switch|p2a: Slowking|Slowking, F|86/100
|move|p1a: Larpin Diddy Foid|Moonblast|p2a: Slowking
|-damage|p2a: Slowking|55/100
|
|upkeep
|turn|113
|
|t:|1781124508
|switch|p1a: Alo Cortisol|Alomomola, F|100/100
|-damage|p1a: Alo Cortisol|88/100|[from] Stealth Rock
|move|p2a: Slowking|Scald|p1a: Alo Cortisol
|-resisted|p1a: Alo Cortisol
|-damage|p1a: Alo Cortisol|80/100
|
|upkeep
|turn|114
|
|t:|1781124517
|move|p1a: Alo Cortisol|Body Slam|p2a: Slowking
|-damage|p2a: Slowking|41/100
|-status|p2a: Slowking|par
|cant|p2a: Slowking|par
|
|upkeep
|turn|115
|
|t:|1781124520
|move|p1a: Alo Cortisol|Body Slam|p2a: Slowking
|-damage|p2a: Slowking|25/100 par
|move|p2a: Slowking|Scald|p1a: Alo Cortisol
|-resisted|p1a: Alo Cortisol
|-damage|p1a: Alo Cortisol|72/100
|-status|p1a: Alo Cortisol|brn
|
|-damage|p1a: Alo Cortisol|66/100 brn|[from] brn
|upkeep
|turn|116
|
|t:|1781124528
|move|p1a: Alo Cortisol|Scald|p2a: Slowking
|-resisted|p2a: Slowking
|-damage|p2a: Slowking|21/100 par
|move|p2a: Slowking|Slack Off|p2a: Slowking
|-heal|p2a: Slowking|71/100 par
|
|-damage|p1a: Alo Cortisol|60/100 brn|[from] brn
|upkeep
|turn|117
|
|t:|1781124534
|move|p1a: Alo Cortisol|Flip Turn|p2a: Slowking
|-resisted|p2a: Slowking
|-damage|p2a: Slowking|66/100 par
|
|t:|1781124542
|switch|p1a: Let The Goons Out|Hydrapple, M, shiny|100/100|[from] Flip Turn
|-damage|p1a: Let The Goons Out|88/100|[from] Stealth Rock
|move|p2a: Slowking|Scald|p1a: Let The Goons Out
|-resisted|p1a: Let The Goons Out
|-damage|p1a: Let The Goons Out|81/100
|
|upkeep
|turn|118
|
|t:|1781124562
|move|p1a: Let The Goons Out|Nasty Plot|p1a: Let The Goons Out
|-boost|p1a: Let The Goons Out|spa|2
|cant|p2a: Slowking|par
|
|upkeep
|turn|119
|
|t:|1781124567
|switch|p2a: Dragonite|Dragonite, M|76/100
|move|p1a: Let The Goons Out|Giga Drain|p2a: Dragonite
|-resisted|p2a: Dragonite
|-damage|p2a: Dragonite|61/100
|-heal|p1a: Let The Goons Out|87/100|[from] drain|[of] p2a: Dragonite
|
|upkeep
|turn|120
|
|t:|1781124570
|switch|p2a: Slowking|Slowking, F|99/100 par
|move|p1a: Let The Goons Out|Fickle Beam|p2a: Slowking
|-damage|p2a: Slowking|63/100 par
|
|upkeep
|turn|121
|
|t:|1781124575
|switch|p2a: Dragonite|Dragonite, M|61/100
|move|p1a: Let The Goons Out|Giga Drain|p2a: Dragonite
|-resisted|p2a: Dragonite
|-damage|p2a: Dragonite|45/100
|-heal|p1a: Let The Goons Out|93/100|[from] drain|[of] p2a: Dragonite
|
|upkeep
|turn|122
|
|t:|1781124578
|switch|p2a: Slowking|Slowking, F|97/100 par
|move|p1a: Let The Goons Out|Fickle Beam|p2a: Slowking|[anim] Fickle Beam All Out
|-activate|p1a: Let The Goons Out|move: Fickle Beam
|-damage|p2a: Slowking|23/100 par
|
|upkeep
|turn|123
|
|t:|1781124583
|switch|p2a: Dragonite|Dragonite, M|45/100
|move|p1a: Let The Goons Out|Giga Drain|p2a: Dragonite
|-resisted|p2a: Dragonite
|-damage|p2a: Dragonite|28/100
|-heal|p1a: Let The Goons Out|99/100|[from] drain|[of] p2a: Dragonite
|
|upkeep
|turn|124
|
|t:|1781124586
|move|p2a: Dragonite|Roost|p2a: Dragonite
|-heal|p2a: Dragonite|79/100
|-singleturn|p2a: Dragonite|move: Roost
|move|p1a: Let The Goons Out|Giga Drain|p2a: Dragonite
|-resisted|p2a: Dragonite
|-damage|p2a: Dragonite|45/100
|-heal|p1a: Let The Goons Out|100/100|[from] drain|[of] p2a: Dragonite
|
|upkeep
|turn|125
|
|t:|1781124591
|move|p2a: Dragonite|Earthquake|p1a: Let The Goons Out
|-resisted|p1a: Let The Goons Out
|-damage|p1a: Let The Goons Out|90/100
|move|p1a: Let The Goons Out|Fickle Beam|p2a: Dragonite|[anim] Fickle Beam All Out
|-activate|p1a: Let The Goons Out|move: Fickle Beam
|-supereffective|p2a: Dragonite
|-damage|p2a: Dragonite|0 fnt
|faint|p2a: Dragonite
|
|upkeep
|
|t:|1781124595
|switch|p2a: Slowking|Slowking, F|57/100 par
|turn|126
|
|t:|1781124597
|switch|p2a: Hippowdon|Hippowdon, M, tera:Steel|5/100
|-damage|p2a: Hippowdon|0 fnt|[from] Stealth Rock
|faint|p2a: Hippowdon
|move|p1a: Let The Goons Out|Giga Drain|p2: Hippowdon|[notarget]
|-fail|p1a: Let The Goons Out
|
|upkeep
|c|☆PiggLad|gg
|
|t:|1781124603
|switch|p2a: Slowking|Slowking, F|90/100 par
|turn|127
|
|t:|1781124608
|move|p1a: Let The Goons Out|Giga Drain|p2a: Slowking
|-supereffective|p2a: Slowking
|-damage|p2a: Slowking|21/100 par
|-heal|p1a: Let The Goons Out|100/100|[from] drain|[of] p2a: Slowking
|move|p2a: Slowking|Slack Off|p2a: Slowking
|-heal|p2a: Slowking|71/100 par
|
|upkeep
|turn|128
|
|t:|1781124614
|move|p1a: Let The Goons Out|Giga Drain|p2a: Slowking
|-supereffective|p2a: Slowking
|-damage|p2a: Slowking|0 fnt
|faint|p2a: Slowking
|
|win|PiggLad
|raw|PiggLad's rating: 1665 &rarr; <strong>1681</strong><br />(+16 for winning)
|raw|KurisuChestnutLab's rating: 1598 &rarr; <strong>1582</strong><br />(-16 for losing)
|l|☆KurisuChestnutLab
|player|p2|
|l|☆PiggLad
|player|p1|
