|j|☆AnonymousJon
|j|☆temporarylight
|t:|1781050321
|gametype|singles
|player|p1|AnonymousJon|workerice|1794
|player|p2|temporarylight|jogger|1769
|gen|9
|tier|[Gen 9] OU
|rated|
|rule|HP Percentage Mod: HP is shown in percentages
|rule|Endless Battle Clause: Forcing endless battles is banned
|rule|Species Clause: Limit one of each Pokémon
|rule|OHKO Clause: OHKO moves are banned
|rule|Evasion Items Clause: Evasion items are banned
|rule|Evasion Moves Clause: Evasion moves are banned
|rule|Evasion Abilities Clause: Evasion abilities are banned
|rule|Sleep Moves Clause: Sleep-inducing moves are banned
|clearpoke
|poke|p1|Great Tusk|
|poke|p1|Ogerpon-Cornerstone, F|
|poke|p1|Rillaboom, F|
|poke|p1|Tyranitar, F|
|poke|p1|Corviknight, M|
|poke|p1|Dragapult, F|
|poke|p2|Mandibuzz, F|
|poke|p2|Clodsire, F|
|poke|p2|Alomomola, M|
|poke|p2|Weezing-Galar, F|
|poke|p2|Iron Crown|
|poke|p2|Enamorus, F|
|teampreview
|inactive|Battle timer is ON: inactive players will automatically lose when time's up. (requested by AnonymousJon)
|inactive|temporarylight has 120 seconds left.
|inactive|temporarylight has 90 seconds left.
|inactive|temporarylight has 60 seconds left.
|
|t:|1781050416
|teamsize|p1|6
|teamsize|p2|6
|start
|switch|p1a: Tyranitar|Tyranitar, F|100/100
|switch|p2a: Weezing|Weezing-Galar, F|100/100
|-ability|p2a: Weezing|Neutralizing Gas
|turn|1
|
|t:|1781050428
|move|p1a: Tyranitar|Knock Off|p2a: Weezing
|-resisted|p2a: Weezing
|-damage|p2a: Weezing|86/100
|-enditem|p2a: Weezing|Heavy-Duty Boots|[from] move: Knock Off|[of] p1a: Tyranitar
|move|p2a: Weezing|Will-O-Wisp|p1a: Tyranitar
|-status|p1a: Tyranitar|brn
|
|-damage|p1a: Tyranitar|94/100 brn|[from] brn
|upkeep
|turn|2
|
|t:|1781050434
|move|p1a: Tyranitar|Stealth Rock|p2a: Weezing
|-sidestart|p2: temporarylight|move: Stealth Rock
|move|p2a: Weezing|Sludge Bomb|p1a: Tyranitar
|-resisted|p1a: Tyranitar
|-damage|p1a: Tyranitar|86/100 brn
|
|-heal|p1a: Tyranitar|92/100 brn|[from] item: Leftovers
|-damage|p1a: Tyranitar|86/100 brn|[from] brn
|upkeep
|turn|3
|
|t:|1781050438
|switch|p1a: Dragapult|Dragapult, F|100/100
|move|p2a: Weezing|Defog|p1a: Dragapult
|-unboost|p1a: Dragapult|evasion|1
|-sideend|p2: temporarylight|Stealth Rock|[from] move: Defog|[of] p2a: Weezing
|
|upkeep
|turn|4
|
|t:|1781050446
|-end|p2a: Weezing|ability: Neutralizing Gas
|switch|p2a: Alomomola|Alomomola, M|100/100
|move|p1a: Dragapult|Substitute|p1a: Dragapult
|-start|p1a: Dragapult|Substitute
|-damage|p1a: Dragapult|76/100
|
|-heal|p1a: Dragapult|82/100|[from] item: Leftovers
|upkeep
|turn|5
|
|t:|1781050449
|move|p1a: Dragapult|Will-O-Wisp|p2a: Alomomola|[miss]
|-miss|p1a: Dragapult|p2a: Alomomola
|move|p2a: Alomomola|Play Rough|p1a: Dragapult
|-supereffective|p1a: Dragapult
|-end|p1a: Dragapult|Substitute
|
|-heal|p1a: Dragapult|88/100|[from] item: Leftovers
|upkeep
|turn|6
|
|t:|1781050456
|move|p1a: Dragapult|Will-O-Wisp|p2a: Alomomola|[miss]
|-miss|p1a: Dragapult|p2a: Alomomola
|move|p2a: Alomomola|Play Rough|p1a: Dragapult
|-supereffective|p1a: Dragapult
|-damage|p1a: Dragapult|39/100
|
|-heal|p1a: Dragapult|45/100|[from] item: Leftovers
|upkeep
|turn|7
|
|t:|1781050459
|move|p1a: Dragapult|Will-O-Wisp|p2a: Alomomola
|-status|p2a: Alomomola|brn
|move|p2a: Alomomola|Play Rough|p1a: Dragapult
|-supereffective|p1a: Dragapult
|-damage|p1a: Dragapult|22/100
|
|-heal|p1a: Dragapult|29/100|[from] item: Leftovers
|-damage|p2a: Alomomola|94/100 brn|[from] brn
|upkeep
|turn|8
|
|t:|1781050468
|move|p1a: Dragapult|Substitute|p1a: Dragapult
|-start|p1a: Dragapult|Substitute
|-damage|p1a: Dragapult|4/100
|move|p2a: Alomomola|Play Rough|p1a: Dragapult
|-supereffective|p1a: Dragapult
|-crit|p1a: Dragapult
|-end|p1a: Dragapult|Substitute
|
|-heal|p1a: Dragapult|10/100|[from] item: Leftovers
|-damage|p2a: Alomomola|88/100 brn|[from] brn
|upkeep
|turn|9
|
|t:|1781050479
|switch|p1a: Corviknight|Corviknight, M|100/100
|-ability|p1a: Corviknight|Pressure
|move|p2a: Alomomola|Flip Turn|p1a: Corviknight
|-damage|p1a: Corviknight|96/100
|-damage|p2a: Alomomola|72/100 brn|[from] item: Rocky Helmet|[of] p1a: Corviknight
|
|t:|1781050488
|switch|p2a: Clodsire|Clodsire, F|100/100|[from] Flip Turn
|
|upkeep
|turn|10
|
|t:|1781050500
|switch|p1a: Rillaboom|Rillaboom, F|100/100
|-fieldstart|move: Grassy Terrain|[from] ability: Grassy Surge|[of] p1a: Rillaboom
|move|p2a: Clodsire|Stealth Rock|p1a: Rillaboom
|-sidestart|p1: AnonymousJon|move: Stealth Rock
|
|upkeep
|turn|11
|
|t:|1781050510
|switch|p2a: Mandibuzz|Mandibuzz, F|100/100
|move|p1a: Rillaboom|Wood Hammer|p2a: Mandibuzz
|-resisted|p2a: Mandibuzz
|-damage|p2a: Mandibuzz|61/100
|-damage|p1a: Rillaboom|84/100|[from] Recoil
|
|-heal|p1a: Rillaboom|91/100|[from] Grassy Terrain
|upkeep
|turn|12
|
|t:|1781050516
|switch|p1a: Ogerpon|Ogerpon-Cornerstone, F|100/100
|-damage|p1a: Ogerpon|88/100|[from] Stealth Rock
|move|p2a: Mandibuzz|Roost|p2a: Mandibuzz
|-heal|p2a: Mandibuzz|100/100
|-singleturn|p2a: Mandibuzz|move: Roost
|
|-heal|p1a: Ogerpon|94/100|[from] Grassy Terrain
|upkeep
|turn|13
|
|t:|1781050542
|move|p1a: Ogerpon|Ivy Cudgel|p2a: Mandibuzz|[anim] Ivy Cudgel Rock
|-supereffective|p2a: Mandibuzz
|-crit|p2a: Mandibuzz
|-damage|p2a: Mandibuzz|2/100
|move|p2a: Mandibuzz|Foul Play|p1a: Ogerpon
|-crit|p1a: Ogerpon
|-damage|p1a: Ogerpon|0 fnt
|faint|p1a: Ogerpon
|
|upkeep
|
|t:|1781050548
|switch|p1a: Great Tusk|Great Tusk|100/100
|-damage|p1a: Great Tusk|98/100|[from] Stealth Rock
|turn|14
|
|t:|1781050552
|switch|p2a: Enamorus|Enamorus, F|100/100
|move|p1a: Great Tusk|Rapid Spin|p2a: Enamorus
|-damage|p2a: Enamorus|72/100
|-boost|p1a: Great Tusk|spe|1
|-sideend|p1: AnonymousJon|Stealth Rock|[from] move: Rapid Spin|[of] p1a: Great Tusk
|
|-heal|p1a: Great Tusk|100/100|[from] Grassy Terrain
|-fieldend|move: Grassy Terrain
|upkeep
|turn|15
|
|t:|1781050563
|switch|p2a: Mandibuzz|Mandibuzz, F|2/100
|move|p1a: Great Tusk|Ice Spinner|p2a: Mandibuzz
|-supereffective|p2a: Mandibuzz
|-damage|p2a: Mandibuzz|0 fnt
|faint|p2a: Mandibuzz
|
|upkeep
|
|t:|1781050566
|switch|p2a: Enamorus|Enamorus, F|72/100
|turn|16
|
|t:|1781050569
|move|p2a: Enamorus|Moonblast|p1a: Great Tusk
|-supereffective|p1a: Great Tusk
|-damage|p1a: Great Tusk|37/100
|move|p1a: Great Tusk|Ice Spinner|p2a: Enamorus
|-supereffective|p2a: Enamorus
|-crit|p2a: Enamorus
|-damage|p2a: Enamorus|0 fnt
|faint|p2a: Enamorus
|
|upkeep
|
|t:|1781050574
|switch|p2a: Alomomola|Alomomola, M|100/100 brn
|turn|17
|
|t:|1781050578
|move|p1a: Great Tusk|Rapid Spin|p2a: Alomomola
|-damage|p2a: Alomomola|90/100 brn
|-boost|p1a: Great Tusk|spe|1
|move|p2a: Alomomola|Scald|p1a: Great Tusk
|-supereffective|p1a: Great Tusk
|-damage|p1a: Great Tusk|19/100
|
|-damage|p2a: Alomomola|84/100 brn|[from] brn
|upkeep
|turn|18
|
|t:|1781050582
|-end|p1a: Great Tusk|Protosynthesis|[silent]
|switch|p1a: Rillaboom|Rillaboom, F|91/100
|-fieldstart|move: Grassy Terrain|[from] ability: Grassy Surge|[of] p1a: Rillaboom
|move|p2a: Alomomola|Scald|p1a: Rillaboom
|-resisted|p1a: Rillaboom
|-damage|p1a: Rillaboom|82/100
|
|-heal|p1a: Rillaboom|88/100|[from] Grassy Terrain
|-heal|p2a: Alomomola|90/100 brn|[from] Grassy Terrain
|-damage|p2a: Alomomola|84/100 brn|[from] brn
|upkeep
|turn|19
|
|t:|1781050589
|switch|p2a: Weezing|Weezing-Galar, F|86/100
|-ability|p2a: Weezing|Neutralizing Gas
|-terastallize|p1a: Rillaboom|Grass
|move|p1a: Rillaboom|Wood Hammer|p2a: Weezing
|-resisted|p2a: Weezing
|-damage|p2a: Weezing|27/100
|-damage|p1a: Rillaboom|69/100|[from] Recoil
|
|-heal|p1a: Rillaboom|75/100|[from] Grassy Terrain
|-heal|p2a: Weezing|33/100|[from] Grassy Terrain
|upkeep
|turn|20
|
|t:|1781050595
|move|p1a: Rillaboom|Wood Hammer|p2a: Weezing
|-resisted|p2a: Weezing
|-damage|p2a: Weezing|0 fnt
|faint|p2a: Weezing
|-end|p2a: Weezing|ability: Neutralizing Gas
|-damage|p1a: Rillaboom|65/100|[from] Recoil
|
|-heal|p1a: Rillaboom|71/100|[from] Grassy Terrain
|upkeep
|
|t:|1781050598
|switch|p2a: Iron Crown|Iron Crown|100/100
|turn|21
|
|t:|1781050602
|switch|p1a: Great Tusk|Great Tusk|19/100
|move|p2a: Iron Crown|Tachyon Cutter|p1a: Great Tusk
|-damage|p1a: Great Tusk|0 fnt
|faint|p1a: Great Tusk
|-end|p1a: Great Tusk|Protosynthesis|[silent]
|-hitcount|p1: Great Tusk|1
|
|upkeep
|
|t:|1781050604
|switch|p1a: Tyranitar|Tyranitar, F|86/100 brn
|-weather|Sandstorm|[from] ability: Sand Stream|[of] p1a: Tyranitar
|turn|22
|
|t:|1781050607
|move|p2a: Iron Crown|Tachyon Cutter|p1a: Tyranitar
|-supereffective|p1a: Tyranitar
|-damage|p1a: Tyranitar|56/100 brn
|-supereffective|p1a: Tyranitar
|-damage|p1a: Tyranitar|24/100 brn
|-hitcount|p1a: Tyranitar|2
|move|p1a: Tyranitar|Knock Off|p2a: Iron Crown
|-supereffective|p2a: Iron Crown
|-damage|p2a: Iron Crown|52/100
|-enditem|p2a: Iron Crown|Choice Specs|[from] move: Knock Off|[of] p1a: Tyranitar
|
|-weather|Sandstorm|[upkeep]
|-heal|p2a: Iron Crown|58/100|[from] Grassy Terrain
|-heal|p1a: Tyranitar|30/100 brn|[from] Grassy Terrain
|-heal|p1a: Tyranitar|37/100 brn|[from] item: Leftovers
|-damage|p1a: Tyranitar|30/100 brn|[from] brn
|-fieldend|move: Grassy Terrain
|upkeep
|turn|23
|
|t:|1781050614
|move|p2a: Iron Crown|Tachyon Cutter|p1a: Tyranitar
|-supereffective|p1a: Tyranitar
|-damage|p1a: Tyranitar|10/100 brn
|-supereffective|p1a: Tyranitar
|-damage|p1a: Tyranitar|0 fnt
|faint|p1a: Tyranitar
|-hitcount|p1: Tyranitar|2
|
|-weather|Sandstorm|[upkeep]
|upkeep
|
|t:|1781050617
|switch|p1a: Corviknight|Corviknight, M|96/100
|-ability|p1a: Corviknight|Pressure
|turn|24
|
|t:|1781050628
|move|p2a: Iron Crown|Volt Switch|p1a: Corviknight
|-supereffective|p1a: Corviknight
|-damage|p1a: Corviknight|47/100
|
|t:|1781050637
|-end|p2a: Iron Crown|Quark Drive|[silent]
|switch|p2a: Clodsire|Clodsire, F|100/100|[from] Volt Switch
|move|p1a: Corviknight|Body Press|p2a: Clodsire
|-resisted|p2a: Clodsire
|-damage|p2a: Clodsire|85/100
|
|-weather|Sandstorm|[upkeep]
|-heal|p2a: Clodsire|91/100|[from] item: Leftovers
|upkeep
|turn|25
|
|t:|1781050645
|move|p1a: Corviknight|Roost|p1a: Corviknight
|-heal|p1a: Corviknight|97/100
|-singleturn|p1a: Corviknight|move: Roost
|move|p2a: Clodsire|Toxic|p1a: Corviknight
|-immune|p1a: Corviknight
|
|-weather|Sandstorm|[upkeep]
|-heal|p2a: Clodsire|97/100|[from] item: Leftovers
|upkeep
|turn|26
|
|t:|1781050650
|switch|p1a: Rillaboom|Rillaboom, F, tera:Grass|71/100
|-fieldstart|move: Grassy Terrain|[from] ability: Grassy Surge|[of] p1a: Rillaboom
|move|p2a: Clodsire|Stealth Rock|p1a: Rillaboom
|-sidestart|p1: AnonymousJon|move: Stealth Rock
|
|-weather|none
|-heal|p1a: Rillaboom|77/100|[from] Grassy Terrain
|-heal|p2a: Clodsire|100/100|[from] Grassy Terrain
|upkeep
|turn|27
|
|t:|1781050656
|-terastallize|p2a: Clodsire|Steel
|move|p1a: Rillaboom|Grassy Glide|p2a: Clodsire
|-resisted|p2a: Clodsire
|-damage|p2a: Clodsire|58/100
|move|p2a: Clodsire|Toxic|p1a: Rillaboom
|-status|p1a: Rillaboom|tox
|
|-heal|p1a: Rillaboom|83/100 tox|[from] Grassy Terrain
|-heal|p2a: Clodsire|64/100|[from] Grassy Terrain
|-heal|p2a: Clodsire|70/100|[from] item: Leftovers
|-damage|p1a: Rillaboom|77/100 tox|[from] psn
|upkeep
|turn|28
|
|t:|1781050669
|move|p1a: Rillaboom|Grassy Glide|p2a: Clodsire
|-resisted|p2a: Clodsire
|-damage|p2a: Clodsire|23/100
|move|p2a: Clodsire|Recover|p2a: Clodsire
|-heal|p2a: Clodsire|73/100
|
|-heal|p1a: Rillaboom|83/100 tox|[from] Grassy Terrain
|-heal|p2a: Clodsire|79/100|[from] Grassy Terrain
|-heal|p2a: Clodsire|85/100|[from] item: Leftovers
|-damage|p1a: Rillaboom|71/100 tox|[from] psn
|upkeep
|turn|29
|
|t:|1781050678
|move|p1a: Rillaboom|Grassy Glide|p2a: Clodsire
|-resisted|p2a: Clodsire
|-damage|p2a: Clodsire|41/100
|move|p2a: Clodsire|Recover|p2a: Clodsire
|-heal|p2a: Clodsire|91/100
|
|-heal|p1a: Rillaboom|77/100 tox|[from] Grassy Terrain
|-heal|p2a: Clodsire|97/100|[from] Grassy Terrain
|-heal|p2a: Clodsire|100/100|[from] item: Leftovers
|-damage|p1a: Rillaboom|59/100 tox|[from] psn
|upkeep
|turn|30
|
|t:|1781050682
|switch|p1a: Corviknight|Corviknight, M|97/100
|-damage|p1a: Corviknight|84/100|[from] Stealth Rock
|-ability|p1a: Corviknight|Pressure
|move|p2a: Clodsire|Earthquake|p1a: Corviknight
|-immune|p1a: Corviknight
|
|-fieldend|move: Grassy Terrain
|upkeep
|turn|31
|
|t:|1781050685
|switch|p2a: Iron Crown|Iron Crown|58/100
|move|p1a: Corviknight|U-turn|p2a: Iron Crown
|-damage|p2a: Iron Crown|42/100
|
|t:|1781050688
|switch|p1a: Rillaboom|Rillaboom, F, tera:Grass|59/100 tox|[from] U-turn
|-damage|p1a: Rillaboom|46/100 tox|[from] Stealth Rock
|-fieldstart|move: Grassy Terrain|[from] ability: Grassy Surge|[of] p1a: Rillaboom
|
|-heal|p2a: Iron Crown|48/100|[from] Grassy Terrain
|-heal|p1a: Rillaboom|52/100 tox|[from] Grassy Terrain
|-damage|p1a: Rillaboom|46/100 tox|[from] psn
|upkeep
|turn|32
|
|t:|1781050695
|-end|p2a: Iron Crown|Quark Drive|[silent]
|switch|p2a: Alomomola|Alomomola, M|100/100 brn
|move|p1a: Rillaboom|Grassy Glide|p2a: Alomomola
|-supereffective|p2a: Alomomola
|-damage|p2a: Alomomola|0 fnt
|faint|p2a: Alomomola
|
|-heal|p1a: Rillaboom|52/100 tox|[from] Grassy Terrain
|-damage|p1a: Rillaboom|40/100 tox|[from] psn
|upkeep
|
|t:|1781050698
|switch|p2a: Iron Crown|Iron Crown|48/100
|turn|33
|
|t:|1781050702
|move|p1a: Rillaboom|Grassy Glide|p2a: Iron Crown
|-resisted|p2a: Iron Crown
|-damage|p2a: Iron Crown|9/100
|move|p2a: Iron Crown|Tachyon Cutter|p1a: Rillaboom
|-damage|p1a: Rillaboom|4/100 tox
|-damage|p1a: Rillaboom|0 fnt
|faint|p1a: Rillaboom
|-hitcount|p1: Rillaboom|2
|
|-heal|p2a: Iron Crown|15/100|[from] Grassy Terrain
|upkeep
|
|t:|1781050704
|switch|p1a: Corviknight|Corviknight, M|84/100
|-damage|p1a: Corviknight|72/100|[from] Stealth Rock
|-ability|p1a: Corviknight|Pressure
|turn|34
|
|t:|1781050724
|move|p2a: Iron Crown|Tachyon Cutter|p1a: Corviknight
|-resisted|p1a: Corviknight
|-crit|p1a: Corviknight
|-damage|p1a: Corviknight|54/100
|-resisted|p1a: Corviknight
|-damage|p1a: Corviknight|41/100
|-hitcount|p1a: Corviknight|2
|move|p1a: Corviknight|Body Press|p2a: Iron Crown
|-damage|p2a: Iron Crown|0 fnt
|faint|p2a: Iron Crown
|-end|p2a: Iron Crown|Quark Drive|[silent]
|
|upkeep
|
|t:|1781050726
|switch|p2a: Clodsire|Clodsire, F, tera:Steel|100/100
|turn|35
|
|t:|1781050732
|move|p1a: Corviknight|Body Press|p2a: Clodsire
|-supereffective|p2a: Clodsire
|-damage|p2a: Clodsire|44/100
|move|p2a: Clodsire|Earthquake|p1a: Corviknight
|-immune|p1a: Corviknight
|
|-heal|p2a: Clodsire|50/100|[from] Grassy Terrain
|-heal|p2a: Clodsire|56/100|[from] item: Leftovers
|-fieldend|move: Grassy Terrain
|upkeep
|turn|36
|
|t:|1781050737
|move|p1a: Corviknight|Body Press|p2a: Clodsire
|-supereffective|p2a: Clodsire
|-damage|p2a: Clodsire|0 fnt
|faint|p2a: Clodsire
|
|win|AnonymousJon
|raw|AnonymousJon's rating: 1794 &rarr; <strong>1813</strong><br />(+19 for winning)
|raw|temporarylight's rating: 1769 &rarr; <strong>1750</strong><br />(-19 for losing)
|l|☆temporarylight
|player|p2|
|c|☆AnonymousJon|gg
|l|☆AnonymousJon
|player|p1|
