|j|☆Dionysos
|j|☆The real kurt tay
|t:|1781499957
|gametype|singles
|player|p1|Dionysos|gentleman-gen4dp|1615
|player|p2|The real kurt tay|1|1665
|gen|9
|tier|[Gen 9] OU
|rated|
|rule|HP Percentage Mod: HP is shown in percentages
|rule|Endless Battle Clause: Forcing endless battles is banned
|rule|Species Clause: Limit one of each Pokémon
|rule|OHKO Clause: OHKO moves are banned
|rule|Evasion Items Clause: Evasion items are banned
|rule|Evasion Moves Clause: Evasion moves are banned
|rule|Evasion Abilities Clause: Evasion abilities are banned
|rule|Sleep Moves Clause: Sleep-inducing moves are banned
|clearpoke
|poke|p1|Tyranitar, M|
|poke|p1|Excadrill, F|
|poke|p1|Keldeo-Resolute|
|poke|p1|Heatran, M|
|poke|p1|Hydrapple, F|
|poke|p1|Iron Hands|
|poke|p2|Slowking-Galar, F|
|poke|p2|Ting-Lu|
|poke|p2|Hydrapple, M|
|poke|p2|Corviknight, F|
|poke|p2|Cinderace, M|
|poke|p2|Dondozo, M|
|teampreview
|
|t:|1781499979
|teamsize|p1|6
|teamsize|p2|6
|start
|switch|p1a: Tyranitar|Tyranitar, M|100/100
|switch|p2a: Hydrapple|Hydrapple, M|100/100
|-weather|Sandstorm|[from] ability: Sand Stream|[of] p1a: Tyranitar
|turn|1
|inactive|Battle timer is ON: inactive players will automatically lose when time's up. (requested by Dionysos)
|
|t:|1781499988
|switch|p2a: Corviknight|Corviknight, F, shiny|100/100
|-ability|p2a: Corviknight|Pressure
|move|p1a: Tyranitar|Knock Off|p2a: Corviknight
|-damage|p2a: Corviknight|50/100
|-damage|p1a: Tyranitar|84/100|[from] item: Rocky Helmet|[of] p2a: Corviknight
|-enditem|p2a: Corviknight|Rocky Helmet|[from] move: Knock Off|[of] p1a: Tyranitar
|
|-weather|Sandstorm|[upkeep]
|upkeep
|turn|2
|
|t:|1781500000
|switch|p1a: Keldeo|Keldeo-Resolute|100/100
|move|p2a: Corviknight|Roost|p2a: Corviknight
|-heal|p2a: Corviknight|99/100
|-singleturn|p2a: Corviknight|move: Roost
|
|-weather|Sandstorm|[upkeep]
|-damage|p1a: Keldeo|94/100|[from] Sandstorm
|upkeep
|turn|3
|
|t:|1781500010
|switch|p2a: Slowking|Slowking-Galar, F|100/100
|move|p1a: Keldeo|Flip Turn|p2a: Slowking
|-damage|p2a: Slowking|89/100
|
|t:|1781500015
|switch|p1a: Tyranitar|Tyranitar, M|84/100|[from] Flip Turn
|
|-weather|Sandstorm|[upkeep]
|-damage|p2a: Slowking|83/100|[from] Sandstorm
|-heal|p2a: Slowking|89/100|[from] item: Black Sludge
|upkeep
|turn|4
|
|t:|1781500028
|switch|p2a: Ting-Lu|Ting-Lu|100/100
|-ability|p2a: Ting-Lu|Vessel of Ruin
|move|p1a: Tyranitar|Knock Off|p2a: Ting-Lu
|-resisted|p2a: Ting-Lu
|-damage|p2a: Ting-Lu|79/100
|-enditem|p2a: Ting-Lu|Leftovers|[from] move: Knock Off|[of] p1a: Tyranitar
|
|-weather|Sandstorm|[upkeep]
|upkeep
|turn|5
|
|t:|1781500045
|switch|p1a: Iron Hands|Iron Hands, shiny|100/100
|-enditem|p1a: Iron Hands|Booster Energy
|-activate|p1a: Iron Hands|ability: Quark Drive|[fromitem]
|-start|p1a: Iron Hands|quarkdriveatk
|switch|p2a: Slowking|Slowking-Galar, F|100/100
|
|-weather|none
|upkeep
|turn|6
|j| nivalys99
|
|t:|1781500055
|move|p1a: Iron Hands|Swords Dance|p1a: Iron Hands
|-boost|p1a: Iron Hands|atk|2
|move|p2a: Slowking|Trick|p1a: Iron Hands
|-activate|p2a: Slowking|move: Trick|[of] p1a: Iron Hands
|-item|p1a: Iron Hands|Black Sludge|[from] move: Trick
|-enditem|p2a: Slowking|Black Sludge|[silent]|[from] move: Trick
|
|-damage|p1a: Iron Hands|88/100|[from] item: Black Sludge
|upkeep
|turn|7
|
|t:|1781500065
|switch|p2a: Hydrapple|Hydrapple, M|100/100
|move|p1a: Iron Hands|Wild Charge|p2a: Hydrapple
|-resisted|p2a: Hydrapple
|-damage|p2a: Hydrapple|81/100
|-damage|p1a: Iron Hands|84/100|[from] Recoil
|
|-damage|p1a: Iron Hands|72/100|[from] item: Black Sludge
|-heal|p2a: Hydrapple|87/100|[from] item: Leftovers
|upkeep
|turn|8
|
|t:|1781500076
|switch|p2a: Dondozo|Dondozo, M|100/100
|move|p1a: Iron Hands|Ice Punch|p2a: Dondozo
|-resisted|p2a: Dondozo
|-damage|p2a: Dondozo|90/100
|-status|p2a: Dondozo|frz
|
|-damage|p1a: Iron Hands|60/100|[from] item: Black Sludge
|-heal|p2a: Dondozo|96/100 frz|[from] item: Leftovers
|upkeep
|turn|9
|
|t:|1781500089
|move|p1a: Iron Hands|Drain Punch|p2a: Dondozo
|-damage|p2a: Dondozo|58/100 frz
|-heal|p1a: Iron Hands|78/100|[from] drain|[of] p2a: Dondozo
|cant|p2a: Dondozo|frz
|
|-damage|p1a: Iron Hands|66/100|[from] item: Black Sludge
|-heal|p2a: Dondozo|64/100 frz|[from] item: Leftovers
|upkeep
|turn|10
|
|t:|1781500099
|move|p1a: Iron Hands|Wild Charge|p2a: Dondozo
|-supereffective|p2a: Dondozo
|-damage|p2a: Dondozo|0 fnt
|faint|p2a: Dondozo
|-damage|p1a: Iron Hands|50/100|[from] Recoil
|
|-damage|p1a: Iron Hands|38/100|[from] item: Black Sludge
|upkeep
|
|t:|1781500108
|switch|p2a: Cinderace|Cinderace, M|100/100
|turn|11
|
|t:|1781500112
|move|p2a: Cinderace|Will-O-Wisp|p1a: Iron Hands
|-status|p1a: Iron Hands|brn
|move|p1a: Iron Hands|Drain Punch|p2a: Cinderace
|-damage|p2a: Cinderace|25/100
|-heal|p1a: Iron Hands|64/100 brn|[from] drain|[of] p2a: Cinderace
|
|-damage|p1a: Iron Hands|52/100 brn|[from] item: Black Sludge
|-damage|p1a: Iron Hands|46/100 brn|[from] brn
|upkeep
|turn|12
|
|t:|1781500123
|move|p2a: Cinderace|Pyro Ball|p1a: Iron Hands
|-damage|p1a: Iron Hands|1/100 brn
|move|p1a: Iron Hands|Drain Punch|p2a: Cinderace
|-damage|p2a: Cinderace|0 fnt
|-heal|p1a: Iron Hands|10/100 brn|[from] drain|[of] p2a: Cinderace
|faint|p2a: Cinderace
|
|-damage|p1a: Iron Hands|0 fnt|[from] item: Black Sludge
|faint|p1a: Iron Hands
|-end|p1a: Iron Hands|Quark Drive|[silent]
|upkeep
|
|t:|1781500136
|switch|p2a: Corviknight|Corviknight, F, shiny|99/100
|switch|p1a: Tyranitar|Tyranitar, M|84/100
|-weather|Sandstorm|[from] ability: Sand Stream|[of] p1a: Tyranitar
|-ability|p2a: Corviknight|Pressure
|turn|13
|
|t:|1781500148
|switch|p1a: Heatran|Heatran, M|100/100
|move|p2a: Corviknight|Body Press|p1a: Heatran
|-supereffective|p1a: Heatran
|-damage|p1a: Heatran|59/100
|
|-weather|Sandstorm|[upkeep]
|-heal|p1a: Heatran|65/100|[from] item: Leftovers
|upkeep
|turn|14
|
|t:|1781500158
|switch|p2a: Ting-Lu|Ting-Lu|79/100
|-ability|p2a: Ting-Lu|Vessel of Ruin
|move|p1a: Heatran|Stealth Rock|p2a: Ting-Lu
|-sidestart|p2: The real kurt tay|move: Stealth Rock
|
|-weather|Sandstorm|[upkeep]
|-heal|p1a: Heatran|71/100|[from] item: Leftovers
|upkeep
|turn|15
|
|t:|1781500169
|switch|p1a: Keldeo|Keldeo-Resolute|94/100
|move|p2a: Ting-Lu|Earthquake|p1a: Keldeo
|-damage|p1a: Keldeo|48/100
|
|-weather|Sandstorm|[upkeep]
|-damage|p1a: Keldeo|42/100|[from] Sandstorm
|upkeep
|turn|16
|
|t:|1781500178
|-terastallize|p1a: Keldeo|Water
|move|p1a: Keldeo|Surf|p2a: Ting-Lu
|-supereffective|p2a: Ting-Lu
|-damage|p2a: Ting-Lu|0 fnt
|faint|p2a: Ting-Lu
|
|-weather|Sandstorm|[upkeep]
|-damage|p1a: Keldeo|36/100|[from] Sandstorm
|upkeep
|
|t:|1781500184
|switch|p2a: Hydrapple|Hydrapple, M|100/100
|-damage|p2a: Hydrapple|88/100|[from] Stealth Rock
|turn|17
|
|t:|1781500194
|switch|p1a: Heatran|Heatran, M|71/100
|move|p2a: Hydrapple|Nasty Plot|p2a: Hydrapple
|-boost|p2a: Hydrapple|spa|2
|
|-weather|none
|-heal|p1a: Heatran|78/100|[from] item: Leftovers
|-heal|p2a: Hydrapple|94/100|[from] item: Leftovers
|upkeep
|turn|18
|
|t:|1781500207
|move|p1a: Heatran|Lava Plume|p2a: Hydrapple
|-damage|p2a: Hydrapple|60/100
|-status|p2a: Hydrapple|brn
|move|p2a: Hydrapple|Earth Power|p1a: Heatran
|-supereffective|p1a: Heatran
|-damage|p1a: Heatran|0 fnt
|faint|p1a: Heatran
|
|-heal|p2a: Hydrapple|66/100 brn|[from] item: Leftovers
|-damage|p2a: Hydrapple|60/100 brn|[from] brn
|upkeep
|
|t:|1781500219
|switch|p1a: Tyranitar|Tyranitar, M|84/100
|-weather|Sandstorm|[from] ability: Sand Stream|[of] p1a: Tyranitar
|turn|19
|
|t:|1781500225
|move|p1a: Tyranitar|Knock Off|p2a: Hydrapple
|-damage|p2a: Hydrapple|10/100 brn
|-enditem|p2a: Hydrapple|Leftovers|[from] move: Knock Off|[of] p1a: Tyranitar
|move|p2a: Hydrapple|Giga Drain|p1a: Tyranitar
|-supereffective|p1a: Tyranitar
|-damage|p1a: Tyranitar|0 fnt
|-heal|p2a: Hydrapple|45/100 brn|[from] drain|[of] p1a: Tyranitar
|faint|p1a: Tyranitar
|
|-weather|Sandstorm|[upkeep]
|-damage|p2a: Hydrapple|39/100 brn|[from] Sandstorm
|-damage|p2a: Hydrapple|33/100 brn|[from] brn
|upkeep
|
|t:|1781500239
|switch|p1a: Excadrill|Excadrill, F|100/100
|-item|p1a: Excadrill|Air Balloon
|turn|20
|
|t:|1781500243
|move|p1a: Excadrill|Iron Head|p2a: Hydrapple
|-damage|p2a: Hydrapple|3/100 brn
|move|p2a: Hydrapple|Giga Drain|p1a: Excadrill
|-damage|p1a: Excadrill|17/100
|-heal|p2a: Hydrapple|39/100 brn|[from] drain|[of] p1a: Excadrill
|-enditem|p1a: Excadrill|Air Balloon
|
|-weather|Sandstorm|[upkeep]
|-damage|p2a: Hydrapple|33/100 brn|[from] Sandstorm
|-damage|p2a: Hydrapple|27/100 brn|[from] brn
|upkeep
|turn|21
|
|t:|1781500255
|switch|p2a: Corviknight|Corviknight, F, shiny|99/100
|-damage|p2a: Corviknight|88/100|[from] Stealth Rock
|-ability|p2a: Corviknight|Pressure
|move|p1a: Excadrill|Iron Head|p2a: Corviknight
|-resisted|p2a: Corviknight
|-damage|p2a: Corviknight|74/100
|
|-weather|Sandstorm|[upkeep]
|upkeep
|turn|22
|
|t:|1781500272
|switch|p1a: Keldeo|Keldeo-Resolute, tera:Water|36/100
|move|p2a: Corviknight|Defog|p1a: Keldeo
|-unboost|p1a: Keldeo|evasion|1
|-sideend|p2: The real kurt tay|Stealth Rock|[from] move: Defog|[of] p2a: Corviknight
|
|-weather|Sandstorm|[upkeep]
|-damage|p1a: Keldeo|30/100|[from] Sandstorm
|upkeep
|turn|23
|
|t:|1781500282
|switch|p2a: Slowking|Slowking-Galar, F|100/100
|move|p1a: Keldeo|Surf|p2a: Slowking
|-damage|p2a: Slowking|32/100
|
|-weather|none
|upkeep
|turn|24
|inactive|The real kurt tay has 120 seconds left.
|
|t:|1781500324
|move|p1a: Keldeo|Surf|p2a: Slowking
|-damage|p2a: Slowking|0 fnt
|faint|p2a: Slowking
|
|upkeep
|
|t:|1781500326
|switch|p2a: Hydrapple|Hydrapple, M|61/100 brn
|turn|25
|
|t:|1781500332
|switch|p1a: Hydrapple|Hydrapple, F|100/100
|move|p2a: Hydrapple|Giga Drain|p1a: Hydrapple
|-resisted|p1a: Hydrapple
|-damage|p1a: Hydrapple|92/100
|-heal|p2a: Hydrapple|65/100 brn|[from] drain|[of] p1a: Hydrapple
|
|-damage|p2a: Hydrapple|59/100 brn|[from] brn
|upkeep
|turn|26
|inactive|The real kurt tay has 120 seconds left.
|
|t:|1781500352
|move|p2a: Hydrapple|Fickle Beam|p1a: Hydrapple
|-supereffective|p1a: Hydrapple
|-damage|p1a: Hydrapple|19/100
|move|p1a: Hydrapple|Fickle Beam|p2a: Hydrapple
|-supereffective|p2a: Hydrapple
|-damage|p2a: Hydrapple|0 fnt
|faint|p2a: Hydrapple
|
|upkeep
|
|t:|1781500355
|switch|p2a: Corviknight|Corviknight, F, shiny|74/100
|-ability|p2a: Corviknight|Pressure
|turn|27
|
|t:|1781500366
|move|p2a: Corviknight|Iron Defense|p2a: Corviknight
|-boost|p2a: Corviknight|def|2
|move|p1a: Hydrapple|Nasty Plot|p1a: Hydrapple
|-boost|p1a: Hydrapple|spa|2
|
|upkeep
|turn|28
|
|t:|1781500374
|move|p2a: Corviknight|Body Press|p1a: Hydrapple
|-damage|p1a: Hydrapple|0 fnt
|-damage|p2a: Corviknight|58/100|[from] item: Rocky Helmet|[of] p1a: Hydrapple
|faint|p1a: Hydrapple
|
|upkeep
|
|t:|1781500380
|switch|p1a: Keldeo|Keldeo-Resolute, tera:Water|30/100
|turn|29
|
|t:|1781500401
|-terastallize|p2a: Corviknight|Dragon
|move|p1a: Keldeo|Surf|p2a: Corviknight
|-resisted|p2a: Corviknight
|-damage|p2a: Corviknight|11/100
|move|p2a: Corviknight|Roost|p2a: Corviknight
|-heal|p2a: Corviknight|61/100
|
|upkeep
|turn|30
|
|t:|1781500416
|move|p1a: Keldeo|Surf|p2a: Corviknight
|-resisted|p2a: Corviknight
|-damage|p2a: Corviknight|13/100
|move|p2a: Corviknight|Roost|p2a: Corviknight
|-heal|p2a: Corviknight|63/100
|
|upkeep
|turn|31
|
|t:|1781500425
|move|p1a: Keldeo|Surf|p2a: Corviknight
|-resisted|p2a: Corviknight
|-damage|p2a: Corviknight|21/100
|move|p2a: Corviknight|Roost|p2a: Corviknight
|-heal|p2a: Corviknight|71/100
|
|upkeep
|turn|32
|inactive|The real kurt tay has 120 seconds left.
|
|t:|1781500479
|move|p1a: Keldeo|Surf|p2a: Corviknight
|-resisted|p2a: Corviknight
|-damage|p2a: Corviknight|29/100
|move|p2a: Corviknight|Roost|p2a: Corviknight
|-heal|p2a: Corviknight|79/100
|
|upkeep
|turn|33
|
|t:|1781500486
|move|p1a: Keldeo|Surf|p2a: Corviknight
|-resisted|p2a: Corviknight
|-damage|p2a: Corviknight|30/100
|move|p2a: Corviknight|Body Press|p1a: Keldeo
|-damage|p1a: Keldeo|0 fnt
|faint|p1a: Keldeo
|
|upkeep
|
|t:|1781500493
|switch|p1a: Excadrill|Excadrill, F|17/100
|turn|34
|
|t:|1781500497
|move|p1a: Excadrill|Iron Head|p2a: Corviknight
|-damage|p2a: Corviknight|15/100
|move|p2a: Corviknight|Body Press|p1a: Excadrill
|-supereffective|p1a: Excadrill
|-damage|p1a: Excadrill|0 fnt
|faint|p1a: Excadrill
|
|win|The real kurt tay
|raw|Dionysos's rating: 1615 &rarr; <strong>1598</strong><br />(-17 for losing)
|raw|The real kurt tay's rating: 1665 &rarr; <strong>1682</strong><br />(+17 for winning)
|l|☆Dionysos
|player|p1|
|l|☆The real kurt tay
|player|p2|
