|j|☆kadu99
|j|☆runningdan
|t:|1780895066
|gametype|singles
|player|p1|kadu99|policeman-gen4|1632
|player|p2|runningdan|265|1633
|gen|9
|tier|[Gen 9] OU
|rated|
|rule|HP Percentage Mod: HP is shown in percentages
|rule|Endless Battle Clause: Forcing endless battles is banned
|rule|Species Clause: Limit one of each Pokémon
|rule|OHKO Clause: OHKO moves are banned
|rule|Evasion Items Clause: Evasion items are banned
|rule|Evasion Moves Clause: Evasion moves are banned
|rule|Evasion Abilities Clause: Evasion abilities are banned
|rule|Sleep Moves Clause: Sleep-inducing moves are banned
|clearpoke
|poke|p1|Volcanion|
|poke|p1|Corviknight, F|
|poke|p1|Zamazenta-*|
|poke|p1|Rillaboom, M|
|poke|p1|Gliscor, F|
|poke|p1|Slowking-Galar, M|
|poke|p2|Great Tusk|
|poke|p2|Ninetales-Alola, M|
|poke|p2|Darkrai|
|poke|p2|Gliscor, M|
|poke|p2|Hatterene, F|
|poke|p2|Ceruledge, F|
|teampreview
|inactive|Battle timer is ON: inactive players will automatically lose when time's up. (requested by runningdan)
|inactive|kadu99 has 120 seconds left.
|inactive|runningdan has 120 seconds left.
|
|t:|1780895107
|teamsize|p1|6
|teamsize|p2|6
|start
|switch|p1a: Volcanion|Volcanion|100/100
|switch|p2a: Ninetales|Ninetales-Alola, M|100/100
|-weather|Snowscape|[from] ability: Snow Warning|[of] p2a: Ninetales
|turn|1
|
|t:|1780895127
|switch|p2a: Ceruledge|Ceruledge, F|100/100
|move|p1a: Volcanion|Steam Eruption|p2a: Ceruledge
|-supereffective|p2a: Ceruledge
|-crit|p2a: Ceruledge
|-damage|p2a: Ceruledge|0 fnt
|faint|p2a: Ceruledge
|
|-weather|Snowscape|[upkeep]
|upkeep
|
|t:|1780895134
|switch|p2a: Hatterene|Hatterene, F|100/100
|turn|2
|
|t:|1780895139
|switch|p1a: Gliscor|Gliscor, F|100/100
|move|p2a: Hatterene|Nuzzle|p1a: Gliscor
|-immune|p1a: Gliscor
|
|-weather|Snowscape|[upkeep]
|-status|p1a: Gliscor|tox|[from] item: Toxic Orb
|upkeep
|turn|3
|
|t:|1780895147
|move|p1a: Gliscor|Knock Off|p2a: Hatterene
|-damage|p2a: Hatterene|83/100
|-enditem|p2a: Hatterene|Leftovers|[from] move: Knock Off|[of] p1a: Gliscor
|move|p2a: Hatterene|Calm Mind|p2a: Hatterene
|-boost|p2a: Hatterene|spa|1
|-boost|p2a: Hatterene|spd|1
|
|-weather|Snowscape|[upkeep]
|upkeep
|turn|4
|
|t:|1780895155
|switch|p1a: Slowking|Slowking-Galar, M|100/100
|move|p2a: Hatterene|Calm Mind|p2a: Hatterene
|-boost|p2a: Hatterene|spa|1
|-boost|p2a: Hatterene|spd|1
|
|-weather|Snowscape|[upkeep]
|upkeep
|turn|5
|
|t:|1780895165
|move|p2a: Hatterene|Nuzzle|p1a: Slowking
|-damage|p1a: Slowking|97/100
|-status|p1a: Slowking|par
|move|p1a: Slowking|Sludge Bomb|p2a: Hatterene
|-supereffective|p2a: Hatterene
|-damage|p2a: Hatterene|41/100
|-status|p2a: Hatterene|psn
|
|-weather|none
|-damage|p2a: Hatterene|29/100 psn|[from] psn
|upkeep
|turn|6
|
|t:|1780895172
|move|p2a: Hatterene|Psyshock|p1a: Slowking
|-damage|p1a: Slowking|16/100 par
|move|p1a: Slowking|Sludge Bomb|p2a: Hatterene
|-supereffective|p2a: Hatterene
|-damage|p2a: Hatterene|0 fnt
|faint|p2a: Hatterene
|
|upkeep
|
|t:|1780895202
|switch|p2a: Ninetales|Ninetales-Alola, M|100/100
|-weather|Snowscape|[from] ability: Snow Warning|[of] p2a: Ninetales
|turn|7
|
|t:|1780895210
|move|p2a: Ninetales|Aurora Veil|p2a: Ninetales
|-sidestart|p2: runningdan|move: Aurora Veil
|move|p1a: Slowking|Sludge Bomb|p2a: Ninetales
|-supereffective|p2a: Ninetales
|-damage|p2a: Ninetales|59/100
|
|-weather|Snowscape|[upkeep]
|upkeep
|turn|8
|
|t:|1780895216
|switch|p2a: Great Tusk|Great Tusk|100/100
|move|p1a: Slowking|Sludge Bomb|p2a: Great Tusk
|-resisted|p2a: Great Tusk
|-damage|p2a: Great Tusk|87/100
|
|-weather|Snowscape|[upkeep]
|-heal|p2a: Great Tusk|93/100|[from] item: Leftovers
|upkeep
|turn|9
|
|t:|1780895228
|switch|p1a: Zamazenta|Zamazenta|100/100
|-ability|p1a: Zamazenta|Dauntless Shield|boost
|-boost|p1a: Zamazenta|def|1
|move|p2a: Great Tusk|Rapid Spin|p1a: Zamazenta
|-damage|p1a: Zamazenta|94/100
|-boost|p2a: Great Tusk|spe|1
|
|-weather|Snowscape|[upkeep]
|-heal|p1a: Zamazenta|99/100|[from] item: Leftovers
|-heal|p2a: Great Tusk|99/100|[from] item: Leftovers
|upkeep
|turn|10
|
|t:|1780895240
|move|p1a: Zamazenta|Iron Defense|p1a: Zamazenta
|-boost|p1a: Zamazenta|def|2
|move|p2a: Great Tusk|Bulk Up|p2a: Great Tusk
|-boost|p2a: Great Tusk|atk|1
|-boost|p2a: Great Tusk|def|1
|
|-weather|Snowscape|[upkeep]
|-heal|p1a: Zamazenta|100/100|[from] item: Leftovers
|-heal|p2a: Great Tusk|100/100|[from] item: Leftovers
|upkeep
|turn|11
|
|t:|1780895248
|-end|p2a: Great Tusk|Protosynthesis|[silent]
|switch|p2a: Ninetales|Ninetales-Alola, M|59/100
|move|p1a: Zamazenta|Iron Defense|p1a: Zamazenta
|-boost|p1a: Zamazenta|def|2
|
|-weather|none
|upkeep
|turn|12
|
|t:|1780895254
|-terastallize|p2a: Ninetales|Poison
|move|p1a: Zamazenta|Body Press|p2a: Ninetales
|-resisted|p2a: Ninetales
|-damage|p2a: Ninetales|21/100
|move|p2a: Ninetales|Roar|p1a: Zamazenta
|drag|p1a: Slowking|Slowking-Galar, M|50/100 par
|
|upkeep
|turn|13
|
|t:|1780895265
|switch|p2a: Darkrai|Darkrai|100/100
|move|p1a: Slowking|Psychic Noise|p2a: Darkrai
|-immune|p2a: Darkrai
|
|upkeep
|turn|14
|
|t:|1780895276
|move|p2a: Darkrai|Psyshock|p1a: Slowking
|-damage|p1a: Slowking|21/100 par
|move|p1a: Slowking|Sludge Bomb|p2a: Darkrai
|-damage|p2a: Darkrai|74/100
|
|-heal|p2a: Darkrai|80/100|[from] item: Leftovers
|-sideend|p2: runningdan|move: Aurora Veil
|upkeep
|turn|15
|
|t:|1780895282
|move|p2a: Darkrai|Dark Pulse|p1a: Slowking
|-supereffective|p1a: Slowking
|-damage|p1a: Slowking|0 fnt
|faint|p1a: Slowking
|
|-heal|p2a: Darkrai|86/100|[from] item: Leftovers
|upkeep
|
|t:|1780895285
|switch|p1a: Zamazenta|Zamazenta|100/100
|turn|16
|
|t:|1780895302
|move|p1a: Zamazenta|Body Press|p2a: Darkrai
|-supereffective|p2a: Darkrai
|-damage|p2a: Darkrai|0 fnt
|faint|p2a: Darkrai
|
|upkeep
|-message|runningdan forfeited.
|
|win|kadu99
|raw|kadu99's rating: 1632 &rarr; <strong>1652</strong><br />(+20 for winning)
|raw|runningdan's rating: 1633 &rarr; <strong>1613</strong><br />(-20 for losing)
|l|☆runningdan
|player|p2|
|l|☆kadu99
|player|p1|
