|j|☆mister_ttar
|j|☆LowEL0God
|t:|1781110163
|gametype|singles
|player|p1|mister_ttar|vince|1598
|player|p2|LowEL0God|265|1645
|gen|9
|tier|[Gen 9] OU
|rated|
|rule|HP Percentage Mod: HP is shown in percentages
|rule|Endless Battle Clause: Forcing endless battles is banned
|rule|Species Clause: Limit one of each Pokémon
|rule|OHKO Clause: OHKO moves are banned
|rule|Evasion Items Clause: Evasion items are banned
|rule|Evasion Moves Clause: Evasion moves are banned
|rule|Evasion Abilities Clause: Evasion abilities are banned
|rule|Sleep Moves Clause: Sleep-inducing moves are banned
|clearpoke
|poke|p1|Quaquaval, M|
|poke|p1|Zamazenta-*|
|poke|p1|Tornadus-Therian, M|
|poke|p1|Landorus-Therian, M|
|poke|p1|Gholdengo|
|poke|p1|Raging Bolt|
|poke|p2|Pelipper, M|
|poke|p2|Torkoal, F|
|poke|p2|Walking Wake|
|poke|p2|Kyurem|
|poke|p2|Ninetales-Alola, F|
|poke|p2|Ogerpon-Wellspring, F|
|teampreview
|c|☆LowEL0God|hf
|inactive|Battle timer is ON: inactive players will automatically lose when time's up. (requested by LowEL0God)
|j| axzstellarwastaken
|
|t:|1781110173
|teamsize|p1|6
|teamsize|p2|6
|start
|switch|p1a: Tornadus|Tornadus-Therian, M|100/100
|switch|p2a: Ninetales|Ninetales-Alola, F|100/100
|-weather|Snowscape|[from] ability: Snow Warning|[of] p2a: Ninetales
|turn|1
|
|t:|1781110178
|move|p1a: Tornadus|Knock Off|p2a: Ninetales
|-resisted|p2a: Ninetales
|-damage|p2a: Ninetales|92/100
|-enditem|p2a: Ninetales|Icy Rock|[from] move: Knock Off|[of] p1a: Tornadus
|move|p2a: Ninetales|Aurora Veil|p2a: Ninetales
|-sidestart|p2: LowEL0God|move: Aurora Veil
|
|-weather|Snowscape|[upkeep]
|upkeep
|turn|2
|
|t:|1781110187
|move|p1a: Tornadus|Heat Wave|p2a: Ninetales|[miss]
|-miss|p1a: Tornadus|p2a: Ninetales
|move|p2a: Ninetales|Moonblast|p1a: Tornadus
|-damage|p1a: Tornadus|69/100
|
|-weather|Snowscape|[upkeep]
|upkeep
|turn|3
|
|t:|1781110196
|switch|p1a: Gholdengo|Gholdengo|100/100
|move|p2a: Ninetales|Moonblast|p1a: Gholdengo
|-resisted|p1a: Gholdengo
|-damage|p1a: Gholdengo|88/100
|
|-weather|Snowscape|[upkeep]
|upkeep
|turn|4
|
|t:|1781110206
|switch|p2a: Hurricane Spam|Pelipper, M, shiny|100/100
|-weather|RainDance|[from] ability: Drizzle|[of] p2a: Hurricane Spam
|move|p1a: Gholdengo|Thunder Wave|p2a: Hurricane Spam
|-status|p2a: Hurricane Spam|par
|
|-weather|RainDance|[upkeep]
|upkeep
|turn|5
|
|t:|1781110212
|switch|p1a: Tornadus|Tornadus-Therian, M|100/100
|move|p2a: Hurricane Spam|Weather Ball|p1a: Tornadus
|-damage|p1a: Tornadus|0 fnt
|faint|p1a: Tornadus
|
|-weather|RainDance|[upkeep]
|-sideend|p2: LowEL0God|move: Aurora Veil
|upkeep
|
|t:|1781110221
|switch|p1a: Raging Bolt|Raging Bolt|100/100
|turn|6
|
|t:|1781110226
|switch|p2a: Ninetales|Ninetales-Alola, F|92/100
|-weather|Snowscape|[from] ability: Snow Warning|[of] p2a: Ninetales
|move|p1a: Raging Bolt|Thunderbolt|p2a: Ninetales
|-damage|p2a: Ninetales|51/100
|
|-weather|Snowscape|[upkeep]
|upkeep
|turn|7
|
|t:|1781110234
|move|p2a: Ninetales|Aurora Veil|p2a: Ninetales
|-sidestart|p2: LowEL0God|move: Aurora Veil
|move|p1a: Raging Bolt|Thunderbolt|p2a: Ninetales
|-damage|p2a: Ninetales|31/100
|
|-weather|Snowscape|[upkeep]
|upkeep
|turn|8
|
|t:|1781110241
|-end|p1a: Raging Bolt|Protosynthesis|[silent]
|switch|p1a: Gholdengo|Gholdengo|88/100
|move|p2a: Ninetales|Moonblast|p1a: Gholdengo
|-resisted|p1a: Gholdengo
|-damage|p1a: Gholdengo|76/100
|
|-weather|Snowscape|[upkeep]
|upkeep
|turn|9
|
|t:|1781110247
|move|p2a: Ninetales|Freeze-Dry|p1a: Gholdengo
|-resisted|p1a: Gholdengo
|-damage|p1a: Gholdengo|66/100
|move|p1a: Gholdengo|Thunder Wave|p2a: Ninetales
|-status|p2a: Ninetales|par
|
|-weather|Snowscape|[upkeep]
|upkeep
|turn|10
|
|t:|1781110249
|move|p1a: Gholdengo|Thunder Wave|p2a: Ninetales
|-fail|p2a: Ninetales|par
|move|p2a: Ninetales|Moonblast|p1a: Gholdengo
|-resisted|p1a: Gholdengo
|-damage|p1a: Gholdengo|51/100
|
|-weather|none
|upkeep
|turn|11
|
|t:|1781110251
|switch|p2a: Walking Wake|Walking Wake|100/100
|move|p1a: Gholdengo|Recover|p1a: Gholdengo
|-heal|p1a: Gholdengo|100/100
|
|-sideend|p2: LowEL0God|move: Aurora Veil
|upkeep
|turn|12
|
|t:|1781110257
|move|p2a: Walking Wake|Flamethrower|p1a: Gholdengo
|-supereffective|p1a: Gholdengo
|-damage|p1a: Gholdengo|6/100
|move|p1a: Gholdengo|Thunder Wave|p2a: Walking Wake
|-status|p2a: Walking Wake|par
|
|upkeep
|turn|13
|
|t:|1781110262
|switch|p1a: Zamazenta|Zamazenta|100/100
|-ability|p1a: Zamazenta|Dauntless Shield|boost
|-boost|p1a: Zamazenta|def|1
|-end|p2a: Walking Wake|Protosynthesis|[silent]
|switch|p2a: Ogerpon|Ogerpon-Wellspring, F|100/100
|
|upkeep
|turn|14
|
|t:|1781110271
|switch|p2a: Ninetales|Ninetales-Alola, F|31/100 par
|-weather|Snowscape|[from] ability: Snow Warning|[of] p2a: Ninetales
|move|p1a: Zamazenta|Reflect|p1a: Zamazenta
|-sidestart|p1: mister_ttar|Reflect
|
|-weather|Snowscape|[upkeep]
|upkeep
|turn|15
|
|t:|1781110273
|move|p1a: Zamazenta|Close Combat|p2a: Ninetales
|-damage|p2a: Ninetales|0 fnt
|-unboost|p1a: Zamazenta|def|1
|-unboost|p1a: Zamazenta|spd|1
|faint|p2a: Ninetales
|
|-weather|Snowscape|[upkeep]
|upkeep
|
|t:|1781110274
|switch|p2a: Kyurem|Kyurem|100/100
|-ability|p2a: Kyurem|Pressure
|turn|16
|
|t:|1781110285
|move|p1a: Zamazenta|Close Combat|p2a: Kyurem
|-supereffective|p2a: Kyurem
|-damage|p2a: Kyurem|16/100
|-unboost|p1a: Zamazenta|def|1
|-unboost|p1a: Zamazenta|spd|1
|move|p2a: Kyurem|Freeze-Dry|p1a: Zamazenta
|-damage|p1a: Zamazenta|31/100
|
|-weather|Snowscape|[upkeep]
|upkeep
|turn|17
|
|t:|1781110290
|switch|p2a: Torkoal|Torkoal, F|100/100
|-weather|SunnyDay|[from] ability: Drought|[of] p2a: Torkoal
|move|p1a: Zamazenta|Close Combat|p2a: Torkoal
|-damage|p2a: Torkoal|68/100
|-unboost|p1a: Zamazenta|def|1
|-unboost|p1a: Zamazenta|spd|1
|
|-weather|SunnyDay|[upkeep]
|upkeep
|turn|18
|
|t:|1781110292
|move|p1a: Zamazenta|Light Screen|p1a: Zamazenta
|-sidestart|p1: mister_ttar|move: Light Screen
|move|p2a: Torkoal|Will-O-Wisp|p1a: Zamazenta
|-status|p1a: Zamazenta|brn
|
|-weather|SunnyDay|[upkeep]
|-damage|p1a: Zamazenta|25/100 brn|[from] brn
|upkeep
|turn|19
|
|t:|1781110298
|switch|p1a: Landorus|Landorus-Therian, M|100/100
|-ability|p1a: Landorus|Intimidate|boost
|-unboost|p2a: Torkoal|atk|1
|switch|p2a: Ogerpon|Ogerpon-Wellspring, F|100/100
|
|-weather|SunnyDay|[upkeep]
|upkeep
|turn|20
|
|t:|1781110305
|move|p2a: Ogerpon|Ivy Cudgel|p1a: Landorus|[anim] Ivy Cudgel Water
|-supereffective|p1a: Landorus
|-damage|p1a: Landorus|71/100
|move|p1a: Landorus|Stealth Rock|p2a: Ogerpon
|-sidestart|p2: LowEL0God|move: Stealth Rock
|
|-weather|SunnyDay|[upkeep]
|upkeep
|turn|21
|
|t:|1781110308
|move|p2a: Ogerpon|Swords Dance|p2a: Ogerpon
|-boost|p2a: Ogerpon|atk|2
|move|p1a: Landorus|U-turn|p2a: Ogerpon
|-supereffective|p2a: Ogerpon
|-damage|p2a: Ogerpon|51/100
|
|t:|1781110316
|switch|p1a: Zamazenta|Zamazenta|25/100 brn|[from] U-turn
|
|-weather|SunnyDay|[upkeep]
|-damage|p1a: Zamazenta|19/100 brn|[from] brn
|-sideend|p1: mister_ttar|Reflect
|upkeep
|turn|22
|
|t:|1781110320
|move|p1a: Zamazenta|Reflect|p1a: Zamazenta
|-sidestart|p1: mister_ttar|Reflect
|move|p2a: Ogerpon|Swords Dance|p2a: Ogerpon
|-boost|p2a: Ogerpon|atk|2
|
|-weather|SunnyDay|[upkeep]
|-damage|p1a: Zamazenta|12/100 brn|[from] brn
|upkeep
|turn|23
|
|t:|1781110324
|move|p1a: Zamazenta|Close Combat|p2a: Ogerpon
|-damage|p2a: Ogerpon|13/100
|-unboost|p1a: Zamazenta|def|1
|-unboost|p1a: Zamazenta|spd|1
|move|p2a: Ogerpon|Play Rough|p1a: Zamazenta
|-supereffective|p1a: Zamazenta
|-damage|p1a: Zamazenta|0 fnt
|faint|p1a: Zamazenta
|
|-weather|SunnyDay|[upkeep]
|upkeep
|
|t:|1781110341
|switch|p1a: Landorus|Landorus-Therian, M|71/100
|-ability|p1a: Landorus|Intimidate|boost
|-unboost|p2a: Ogerpon|atk|1
|turn|24
|
|t:|1781110344
|move|p2a: Ogerpon|Ivy Cudgel|p1a: Landorus|[anim] Ivy Cudgel Water
|-supereffective|p1a: Landorus
|-damage|p1a: Landorus|6/100
|move|p1a: Landorus|U-turn|p2a: Ogerpon
|-supereffective|p2a: Ogerpon
|-damage|p2a: Ogerpon|0 fnt
|faint|p2a: Ogerpon
|
|t:|1781110352
|switch|p1a: Quaquaval|Quaquaval, M|100/100|[from] U-turn
|
|-weather|none
|upkeep
|
|t:|1781110353
|switch|p2a: Torkoal|Torkoal, F|68/100
|-damage|p2a: Torkoal|43/100|[from] Stealth Rock
|-weather|SunnyDay|[from] ability: Drought|[of] p2a: Torkoal
|turn|25
|
|t:|1781110359
|move|p1a: Quaquaval|Bulk Up|p1a: Quaquaval
|-boost|p1a: Quaquaval|atk|1
|-boost|p1a: Quaquaval|def|1
|move|p2a: Torkoal|Rapid Spin|p1a: Quaquaval
|-damage|p1a: Quaquaval|97/100
|-boost|p2a: Torkoal|spe|1
|-sideend|p2: LowEL0God|Stealth Rock|[from] move: Rapid Spin|[of] p2a: Torkoal
|
|-weather|SunnyDay|[upkeep]
|-sideend|p1: mister_ttar|move: Light Screen
|upkeep
|turn|26
|
|t:|1781110370
|-terastallize|p2a: Torkoal|Flying
|move|p1a: Quaquaval|Aqua Step|p2a: Torkoal
|-damage|p2a: Torkoal|26/100
|-boost|p1a: Quaquaval|spe|1
|move|p2a: Torkoal|Will-O-Wisp|p1a: Quaquaval
|-status|p1a: Quaquaval|brn
|
|-weather|SunnyDay|[upkeep]
|-damage|p1a: Quaquaval|91/100 brn|[from] brn
|upkeep
|turn|27
|
|t:|1781110381
|switch|p2a: Walking Wake|Walking Wake|100/100 par
|-activate|p2a: Walking Wake|ability: Protosynthesis
|-start|p2a: Walking Wake|protosynthesisspe
|move|p1a: Quaquaval|Aqua Step|p2a: Walking Wake
|-resisted|p2a: Walking Wake
|-damage|p2a: Walking Wake|96/100 par
|-boost|p1a: Quaquaval|spe|1
|
|-weather|SunnyDay|[upkeep]
|-damage|p1a: Quaquaval|84/100 brn|[from] brn
|upkeep
|turn|28
|
|t:|1781110390
|move|p1a: Quaquaval|Close Combat|p2a: Walking Wake
|-damage|p2a: Walking Wake|48/100 par
|-unboost|p1a: Quaquaval|def|1
|-unboost|p1a: Quaquaval|spd|1
|cant|p2a: Walking Wake|par
|
|-weather|SunnyDay|[upkeep]
|-damage|p1a: Quaquaval|78/100 brn|[from] brn
|upkeep
|turn|29
|
|t:|1781110400
|move|p1a: Quaquaval|Close Combat|p2a: Walking Wake
|-damage|p2a: Walking Wake|0 fnt
|-unboost|p1a: Quaquaval|def|1
|-unboost|p1a: Quaquaval|spd|1
|faint|p2a: Walking Wake
|-end|p2a: Walking Wake|Protosynthesis|[silent]
|-ability|p1a: Quaquaval|Moxie|boost
|-boost|p1a: Quaquaval|atk|1
|
|-weather|SunnyDay|[upkeep]
|-damage|p1a: Quaquaval|72/100 brn|[from] brn
|-sideend|p1: mister_ttar|Reflect
|upkeep
|
|t:|1781110401
|switch|p2a: Hurricane Spam|Pelipper, M, shiny|100/100 par
|-weather|RainDance|[from] ability: Drizzle|[of] p2a: Hurricane Spam
|turn|30
|
|t:|1781110416
|move|p1a: Quaquaval|Aqua Step|p2a: Hurricane Spam
|-resisted|p2a: Hurricane Spam
|-crit|p2a: Hurricane Spam
|-damage|p2a: Hurricane Spam|50/100 par
|-boost|p1a: Quaquaval|spe|1
|move|p2a: Hurricane Spam|Hurricane|p1a: Quaquaval
|-supereffective|p1a: Quaquaval
|-crit|p1a: Quaquaval
|-damage|p1a: Quaquaval|0 fnt
|faint|p1a: Quaquaval
|
|-weather|RainDance|[upkeep]
|upkeep
|
|t:|1781110420
|switch|p1a: Raging Bolt|Raging Bolt|100/100
|turn|31
|
|t:|1781110423
|move|p1a: Raging Bolt|Thunderbolt|p2a: Hurricane Spam
|-supereffective|p2a: Hurricane Spam
|-damage|p2a: Hurricane Spam|0 fnt
|faint|p2a: Hurricane Spam
|
|-weather|RainDance|[upkeep]
|upkeep
|
|t:|1781110423
|switch|p2a: Kyurem|Kyurem|16/100
|-ability|p2a: Kyurem|Pressure
|turn|32
|
|t:|1781110428
|-end|p1a: Raging Bolt|Protosynthesis|[silent]
|switch|p1a: Gholdengo|Gholdengo|6/100
|move|p2a: Kyurem|Freeze-Dry|p1a: Gholdengo
|-resisted|p1a: Gholdengo
|-damage|p1a: Gholdengo|0 fnt
|faint|p1a: Gholdengo
|
|-weather|RainDance|[upkeep]
|upkeep
|
|t:|1781110432
|switch|p1a: Raging Bolt|Raging Bolt|100/100
|turn|33
|
|t:|1781110435
|-terastallize|p1a: Raging Bolt|Fairy
|move|p1a: Raging Bolt|Thunderclap|p2a: Kyurem
|-resisted|p2a: Kyurem
|-damage|p2a: Kyurem|0 fnt
|faint|p2a: Kyurem
|
|-weather|RainDance|[upkeep]
|upkeep
|
|t:|1781110436
|switch|p2a: Torkoal|Torkoal, F, tera:Flying|26/100
|-weather|SunnyDay|[from] ability: Drought|[of] p2a: Torkoal
|-activate|p1a: Raging Bolt|ability: Protosynthesis
|-start|p1a: Raging Bolt|protosynthesisspa
|turn|34
|
|t:|1781110440
|move|p1a: Raging Bolt|Thunderbolt|p2a: Torkoal
|-supereffective|p2a: Torkoal
|-damage|p2a: Torkoal|0 fnt
|faint|p2a: Torkoal
|
|win|mister_ttar
|raw|mister_ttar's rating: 1598 &rarr; <strong>1621</strong><br />(+23 for winning)
|raw|LowEL0God's rating: 1645 &rarr; <strong>1622</strong><br />(-23 for losing)
|l|☆mister_ttar
|player|p1|
|c|☆LowEL0God|gg
|l|☆LowEL0God
|player|p2|
|l| axzstellarwastaken
