|j|☆icylikedecember
|j|☆EtnaArmpits
|t:|1781267281
|gametype|singles
|player|p1|icylikedecember|smasher|1729
|player|p2|EtnaArmpits|265|1704
|gen|9
|tier|[Gen 9] OU
|rated|
|rule|HP Percentage Mod: HP is shown in percentages
|rule|Endless Battle Clause: Forcing endless battles is banned
|rule|Species Clause: Limit one of each Pokémon
|rule|OHKO Clause: OHKO moves are banned
|rule|Evasion Items Clause: Evasion items are banned
|rule|Evasion Moves Clause: Evasion moves are banned
|rule|Evasion Abilities Clause: Evasion abilities are banned
|rule|Sleep Moves Clause: Sleep-inducing moves are banned
|clearpoke
|poke|p1|Corviknight, F|
|poke|p1|Slowking-Galar, M|
|poke|p1|Darkrai|
|poke|p1|Kyurem|
|poke|p1|Zamazenta-*|
|poke|p1|Crawdaunt, F|
|poke|p2|Kyurem|
|poke|p2|Deoxys-Speed|
|poke|p2|Iron Valiant|
|poke|p2|Dragonite, F|
|poke|p2|Darkrai|
|poke|p2|Iron Treads|
|teampreview
|inactive|Battle timer is ON: inactive players will automatically lose when time's up. (requested by EtnaArmpits)
|
|t:|1781267297
|teamsize|p1|6
|teamsize|p2|6
|start
|switch|p1a: Slowking|Slowking-Galar, M, shiny|100/100
|switch|p2a: Iron Treads|Iron Treads|100/100
|-enditem|p2a: Iron Treads|Booster Energy
|-activate|p2a: Iron Treads|ability: Quark Drive|[fromitem]
|-start|p2a: Iron Treads|quarkdrivespe
|turn|1
|
|t:|1781267308
|move|p2a: Iron Treads|Earth Power|p1a: Slowking
|-supereffective|p1a: Slowking
|-damage|p1a: Slowking|70/100
|move|p1a: Slowking|Flamethrower|p2a: Iron Treads
|-supereffective|p2a: Iron Treads
|-damage|p2a: Iron Treads|25/100
|
|upkeep
|turn|2
|
|t:|1781267313
|move|p2a: Iron Treads|Stealth Rock|p1a: Slowking
|-sidestart|p1: icylikedecember|move: Stealth Rock
|move|p1a: Slowking|Flamethrower|p2a: Iron Treads
|-supereffective|p2a: Iron Treads
|-damage|p2a: Iron Treads|0 fnt
|faint|p2a: Iron Treads
|-end|p2a: Iron Treads|Quark Drive|[silent]
|
|upkeep
|
|t:|1781267320
|switch|p2a: Kyurem|Kyurem|100/100
|-ability|p2a: Kyurem|Pressure
|turn|3
|
|t:|1781267323
|move|p2a: Kyurem|Dragon Dance|p2a: Kyurem
|-boost|p2a: Kyurem|atk|1
|-boost|p2a: Kyurem|spe|1
|move|p1a: Slowking|Sludge Bomb|p2a: Kyurem
|-damage|p2a: Kyurem|59/100
|
|upkeep
|turn|4
|
|t:|1781267329
|switch|p1a: Corviknight|Corviknight, F, shiny|100/100
|-damage|p1a: Corviknight|88/100|[from] Stealth Rock
|-ability|p1a: Corviknight|Pressure
|move|p2a: Kyurem|Icicle Spear|p1a: Corviknight
|-damage|p1a: Corviknight|75/100
|-crit|p1a: Corviknight
|-damage|p1a: Corviknight|55/100
|-hitcount|p1a: Corviknight|2
|
|upkeep
|turn|5
|
|t:|1781267338
|-terastallize|p2a: Kyurem|Ice
|move|p2a: Kyurem|Icicle Spear|p1a: Corviknight
|-damage|p1a: Corviknight|36/100
|-damage|p1a: Corviknight|17/100
|-damage|p1a: Corviknight|0 fnt
|faint|p1a: Corviknight
|-hitcount|p1: Corviknight|3
|
|upkeep
|
|t:|1781267346
|switch|p1a: Zamazenta|Zamazenta|100/100
|-damage|p1a: Zamazenta|94/100|[from] Stealth Rock
|-ability|p1a: Zamazenta|Dauntless Shield|boost
|-boost|p1a: Zamazenta|def|1
|turn|6
|
|t:|1781267350
|move|p2a: Kyurem|Icicle Spear|p1a: Zamazenta
|-damage|p1a: Zamazenta|79/100
|-damage|p1a: Zamazenta|65/100
|-damage|p1a: Zamazenta|50/100
|-damage|p1a: Zamazenta|36/100
|-damage|p1a: Zamazenta|20/100
|-hitcount|p1a: Zamazenta|5
|move|p1a: Zamazenta|Body Press|p2a: Kyurem
|-supereffective|p2a: Kyurem
|-damage|p2a: Kyurem|0 fnt
|faint|p2a: Kyurem
|
|-heal|p1a: Zamazenta|26/100|[from] item: Leftovers
|upkeep
|
|t:|1781267355
|switch|p2a: Deoxys|Deoxys-Speed|100/100
|-ability|p2a: Deoxys|Pressure
|turn|7
|
|t:|1781267369
|move|p2a: Deoxys|Ice Beam|p1a: Zamazenta
|-damage|p1a: Zamazenta|0 fnt
|faint|p1a: Zamazenta
|-damage|p2a: Deoxys|91/100|[from] item: Life Orb
|
|upkeep
|
|t:|1781267371
|switch|p1a: Slowking|Slowking-Galar, M, shiny|100/100
|-damage|p1a: Slowking|88/100|[from] Stealth Rock
|turn|8
|
|t:|1781267375
|switch|p2a: Darkrai|Darkrai|100/100
|move|p1a: Slowking|Sludge Bomb|p2a: Darkrai
|-damage|p2a: Darkrai|41/100
|
|upkeep
|turn|9
|
|t:|1781267379
|move|p2a: Darkrai|Dark Pulse|p1a: Slowking
|-supereffective|p1a: Slowking
|-damage|p1a: Slowking|48/100
|move|p1a: Slowking|Sludge Bomb|p2a: Darkrai
|-damage|p2a: Darkrai|0 fnt
|faint|p2a: Darkrai
|
|upkeep
|
|t:|1781267384
|switch|p2a: Iron Valiant|Iron Valiant|100/100
|-enditem|p2a: Iron Valiant|Booster Energy
|-activate|p2a: Iron Valiant|ability: Quark Drive|[fromitem]
|-start|p2a: Iron Valiant|quarkdrivespe
|turn|10
|
|t:|1781267388
|switch|p1a: Crawdaunt|Crawdaunt, F|100/100
|-damage|p1a: Crawdaunt|88/100|[from] Stealth Rock
|move|p2a: Iron Valiant|Knock Off|p1a: Crawdaunt
|-resisted|p1a: Crawdaunt
|-damage|p1a: Crawdaunt|65/100
|-enditem|p1a: Crawdaunt|Choice Band|[from] move: Knock Off|[of] p2a: Iron Valiant
|
|upkeep
|turn|11
|
|t:|1781267392
|move|p1a: Crawdaunt|Aqua Jet|p2a: Iron Valiant
|-crit|p2a: Iron Valiant
|-damage|p2a: Iron Valiant|40/100
|move|p2a: Iron Valiant|Close Combat|p1a: Crawdaunt
|-supereffective|p1a: Crawdaunt
|-damage|p1a: Crawdaunt|0 fnt
|-unboost|p2a: Iron Valiant|def|1
|-unboost|p2a: Iron Valiant|spd|1
|faint|p1a: Crawdaunt
|
|upkeep
|
|t:|1781267412
|switch|p1a: Darkrai|Darkrai|100/100
|-damage|p1a: Darkrai|88/100|[from] Stealth Rock
|turn|12
|
|t:|1781267418
|-terastallize|p1a: Darkrai|Poison
|move|p2a: Iron Valiant|Close Combat|p1a: Darkrai
|-resisted|p1a: Darkrai
|-damage|p1a: Darkrai|45/100
|-unboost|p2a: Iron Valiant|def|1
|-unboost|p2a: Iron Valiant|spd|1
|move|p1a: Darkrai|Sludge Bomb|p2a: Iron Valiant
|-supereffective|p2a: Iron Valiant
|-damage|p2a: Iron Valiant|0 fnt
|faint|p2a: Iron Valiant
|-end|p2a: Iron Valiant|Quark Drive|[silent]
|
|upkeep
|
|t:|1781267421
|switch|p2a: Deoxys|Deoxys-Speed|91/100
|-ability|p2a: Deoxys|Pressure
|turn|13
|
|t:|1781267424
|switch|p1a: Slowking|Slowking-Galar, M, shiny|81/100
|-damage|p1a: Slowking|69/100|[from] Stealth Rock
|move|p2a: Deoxys|Ice Beam|p1a: Slowking
|-damage|p1a: Slowking|50/100
|-damage|p2a: Deoxys|81/100|[from] item: Life Orb
|
|upkeep
|turn|14
|
|t:|1781267428
|move|p2a: Deoxys|Nasty Plot|p2a: Deoxys
|-boost|p2a: Deoxys|spa|2
|move|p1a: Slowking|Sludge Bomb|p2a: Deoxys
|-damage|p2a: Deoxys|15/100
|
|upkeep
|turn|15
|
|t:|1781267431
|switch|p1a: Darkrai|Darkrai, tera:Poison|45/100
|-damage|p1a: Darkrai|32/100|[from] Stealth Rock
|move|p2a: Deoxys|Psycho Boost|p1a: Darkrai
|-supereffective|p1a: Darkrai
|-damage|p1a: Darkrai|0 fnt
|-unboost|p2a: Deoxys|spa|2
|faint|p1a: Darkrai
|-damage|p2a: Deoxys|5/100|[from] item: Life Orb
|
|upkeep
|
|t:|1781267433
|switch|p1a: Slowking|Slowking-Galar, M, shiny|83/100
|-damage|p1a: Slowking|71/100|[from] Stealth Rock
|turn|16
|
|t:|1781267438
|move|p2a: Deoxys|Psycho Boost|p1a: Slowking
|-damage|p1a: Slowking|27/100
|-unboost|p2a: Deoxys|spa|2
|-damage|p2a: Deoxys|0 fnt|[from] item: Life Orb
|faint|p2a: Deoxys
|move|p1a: Slowking|Sludge Bomb|p2: Deoxys|[notarget]
|-fail|p1a: Slowking
|
|upkeep
|
|t:|1781267440
|switch|p2a: Dragonite|Dragonite, F|100/100
|turn|17
|
|t:|1781267444
|move|p2a: Dragonite|Earthquake|p1a: Slowking
|-supereffective|p1a: Slowking
|-damage|p1a: Slowking|0 fnt
|faint|p1a: Slowking
|
|upkeep
|
|t:|1781267446
|switch|p1a: Kyurem|Kyurem|100/100
|-damage|p1a: Kyurem|76/100|[from] Stealth Rock
|-ability|p1a: Kyurem|Pressure
|turn|18
|
|t:|1781267452
|move|p1a: Kyurem|Ice Beam|p2a: Dragonite
|-supereffective|p2a: Dragonite
|-damage|p2a: Dragonite|0 fnt
|faint|p2a: Dragonite
|
|win|icylikedecember
|raw|icylikedecember's rating: 1729 &rarr; <strong>1748</strong><br />(+19 for winning)
|raw|EtnaArmpits's rating: 1704 &rarr; <strong>1685</strong><br />(-19 for losing)
|l|☆icylikedecember
|player|p1|
|l|☆EtnaArmpits
|player|p2|
