|badge|p1|bronze|gen9ou|100-9
|uhtml|medal-msg|<div class="broadcast-blue">Curious what those medals under the avatar are? PS now has Ladder Seasons! For more information, check out the <a href="https://www.smogon.com/forums/threads/3740067/">thread on Smogon.</a></div>
|j|☆rblt ryo
|j|☆sterster
|t:|1780901120
|gametype|singles
|player|p1|rblt ryo|grimsley-gen7|1731
|player|p2|sterster|265|1710
|gen|9
|tier|[Gen 9] OU
|rated|
|rule|HP Percentage Mod: HP is shown in percentages
|rule|Endless Battle Clause: Forcing endless battles is banned
|rule|Species Clause: Limit one of each Pokémon
|rule|OHKO Clause: OHKO moves are banned
|rule|Evasion Items Clause: Evasion items are banned
|rule|Evasion Moves Clause: Evasion moves are banned
|rule|Evasion Abilities Clause: Evasion abilities are banned
|rule|Sleep Moves Clause: Sleep-inducing moves are banned
|clearpoke
|poke|p1|Metagross|
|poke|p1|Keldeo-Resolute|
|poke|p1|Ting-Lu|
|poke|p1|Pecharunt|
|poke|p1|Dragapult, M|
|poke|p1|Zapdos|
|poke|p2|Jirachi|
|poke|p2|Weavile, M|
|poke|p2|Slowking-Galar, M|
|poke|p2|Garchomp, M|
|poke|p2|Iron Valiant|
|poke|p2|Moltres|
|teampreview
|
|t:|1780901150
|teamsize|p1|6
|teamsize|p2|6
|start
|switch|p1a: Keldeo|Keldeo-Resolute, shiny|100/100
|switch|p2a: Jirachi|Jirachi, shiny|100/100
|turn|1
|
|t:|1780901159
|-terastallize|p1a: Keldeo|Water
|move|p1a: Keldeo|Surf|p2a: Jirachi
|-damage|p2a: Jirachi|48/100
|move|p2a: Jirachi|Doom Desire|p1a: Keldeo
|-start|p2a: Jirachi|Doom Desire
|
|upkeep
|turn|2
|
|t:|1780901208
|move|p1a: Keldeo|Surf|p2a: Jirachi
|-damage|p2a: Jirachi|0 fnt
|faint|p2a: Jirachi
|
|upkeep
|
|t:|1780901218
|switch|p2a: Iron Valiant|Iron Valiant|100/100
|-enditem|p2a: Iron Valiant|Booster Energy
|-activate|p2a: Iron Valiant|ability: Quark Drive|[fromitem]
|-start|p2a: Iron Valiant|quarkdrivespe
|turn|3
|
|t:|1780901234
|switch|p1a: Metagross|Metagross, shiny|100/100
|move|p2a: Iron Valiant|Knock Off|p1a: Metagross
|-supereffective|p1a: Metagross
|-damage|p1a: Metagross|47/100
|-enditem|p1a: Metagross|Assault Vest|[from] move: Knock Off|[of] p2a: Iron Valiant
|
|-end|p1a: Metagross|move: Doom Desire
|-resisted|p1a: Metagross
|-damage|p1a: Metagross|13/100
|upkeep
|turn|4
|
|t:|1780901244
|move|p1a: Metagross|Bullet Punch|p2a: Iron Valiant
|-supereffective|p2a: Iron Valiant
|-damage|p2a: Iron Valiant|40/100
|move|p2a: Iron Valiant|Knock Off|p1a: Metagross
|-supereffective|p1a: Metagross
|-damage|p1a: Metagross|0 fnt
|faint|p1a: Metagross
|
|upkeep
|
|t:|1780901247
|switch|p1a: Dragapult|Dragapult, M|100/100
|turn|5
|
|t:|1780901262
|move|p1a: Dragapult|Shadow Ball|p2a: Iron Valiant
|-damage|p2a: Iron Valiant|0 fnt
|faint|p2a: Iron Valiant
|-end|p2a: Iron Valiant|Quark Drive|[silent]
|
|upkeep
|
|t:|1780901265
|switch|p2a: Weavile|Weavile, M|100/100
|-ability|p2a: Weavile|Pressure
|turn|6
|
|t:|1780901277
|switch|p1a: Ting-Lu|Ting-Lu|100/100
|-ability|p1a: Ting-Lu|Vessel of Ruin
|move|p2a: Weavile|Swords Dance|p2a: Weavile
|-boost|p2a: Weavile|atk|2
|
|upkeep
|turn|7
|
|t:|1780901286
|move|p2a: Weavile|Triple Axel|p1a: Ting-Lu
|-supereffective|p1a: Ting-Lu
|-damage|p1a: Ting-Lu|78/100
|-supereffective|p1a: Ting-Lu
|-damage|p1a: Ting-Lu|37/100
|-supereffective|p1a: Ting-Lu
|-damage|p1a: Ting-Lu|0 fnt
|faint|p1a: Ting-Lu
|-hitcount|p1: Ting-Lu|3
|
|upkeep
|
|t:|1780901289
|switch|p1a: Keldeo|Keldeo-Resolute, shiny, tera:Water|100/100
|turn|8
|
|t:|1780901297
|move|p1a: Keldeo|Vacuum Wave|p2a: Weavile
|-supereffective|p2a: Weavile
|-damage|p2a: Weavile|0 fnt
|faint|p2a: Weavile
|
|upkeep
|
|t:|1780901314
|switch|p2a: Garchomp|Garchomp, M|100/100
|turn|9
|
|t:|1780901326
|switch|p1a: Zapdos|Zapdos|100/100
|move|p2a: Garchomp|Dragon Tail|p1a: Zapdos
|-damage|p1a: Zapdos|69/100
|drag|p1a: Pecharunt|Pecharunt|100/100
|
|upkeep
|turn|10
|
|t:|1780901336
|move|p2a: Garchomp|Stealth Rock|p1a: Pecharunt
|-sidestart|p1: rblt ryo|move: Stealth Rock
|move|p1a: Pecharunt|Malignant Chain|p2a: Garchomp
|-resisted|p2a: Garchomp
|-damage|p2a: Garchomp|87/100
|-status|p2a: Garchomp|tox
|-start|p2a: Garchomp|confusion|[from] ability: Poison Puppeteer|[of] p1a: Pecharunt
|
|-damage|p2a: Garchomp|81/100 tox|[from] psn
|upkeep
|turn|11
|
|t:|1780901349
|move|p1a: Pecharunt|Parting Shot|p2a: Garchomp
|-unboost|p2a: Garchomp|atk|1
|-unboost|p2a: Garchomp|spa|1
|
|t:|1780901351
|switch|p1a: Zapdos|Zapdos|69/100|[from] Parting Shot
|-activate|p2a: Garchomp|confusion
|-damage|p2a: Garchomp|76/100 tox|[from] confusion
|
|-damage|p2a: Garchomp|64/100 tox|[from] psn
|upkeep
|turn|12
|-message|sterster forfeited.
|
|win|rblt ryo
|raw|rblt ryo's rating: 1731 &rarr; <strong>1750</strong><br />(+19 for winning)
|raw|sterster's rating: 1710 &rarr; <strong>1691</strong><br />(-19 for losing)
|l|☆sterster
|player|p2|
|l|☆rblt ryo
|player|p1|
|j|☆rblt ryo
|player|p1|rblt ryo|grimsley-gen7|
