|j|☆teamskullenoxa
|j|☆AMBATUBLOUGH
|t:|1780924412
|gametype|singles
|player|p1|teamskullenoxa|2|1577
|player|p2|AMBATUBLOUGH|acetrainercouple|1532
|gen|9
|tier|[Gen 9] OU
|rated|
|rule|HP Percentage Mod: HP is shown in percentages
|rule|Endless Battle Clause: Forcing endless battles is banned
|rule|Species Clause: Limit one of each Pokémon
|rule|OHKO Clause: OHKO moves are banned
|rule|Evasion Items Clause: Evasion items are banned
|rule|Evasion Moves Clause: Evasion moves are banned
|rule|Evasion Abilities Clause: Evasion abilities are banned
|rule|Sleep Moves Clause: Sleep-inducing moves are banned
|clearpoke
|poke|p1|Pelipper, F|
|poke|p1|Hatterene, F|
|poke|p1|Iron Treads|
|poke|p1|Toxicroak, F|
|poke|p1|Barraskewda, F|
|poke|p1|Zapdos|
|poke|p2|Ting-Lu|
|poke|p2|Ogerpon-Wellspring, F|
|poke|p2|Kingambit, M|
|poke|p2|Iron Crown|
|poke|p2|Gliscor, F|
|poke|p2|Dragapult, M|
|teampreview
|inactive|Battle timer is ON: inactive players will automatically lose when time's up. (requested by AMBATUBLOUGH)
|
|t:|1780924447
|teamsize|p1|6
|teamsize|p2|6
|start
|switch|p1a: Pelipper|Pelipper, F|100/100
|switch|p2a: Ting-Lu|Ting-Lu, shiny|100/100
|-ability|p2a: Ting-Lu|Vessel of Ruin
|-weather|RainDance|[from] ability: Drizzle|[of] p1a: Pelipper
|turn|1
|j| a jellyfish
|
|t:|1780924465
|-terastallize|p2a: Ting-Lu|Water
|move|p2a: Ting-Lu|Stealth Rock|p1a: Pelipper
|-sidestart|p1: teamskullenoxa|move: Stealth Rock
|move|p1a: Pelipper|U-turn|p2a: Ting-Lu
|-damage|p2a: Ting-Lu|95/100
|-damage|p1a: Pelipper|84/100|[from] item: Rocky Helmet|[of] p2a: Ting-Lu
|
|t:|1780924476
|switch|p1a: Toxicroak|Toxicroak, F|100/100|[from] U-turn
|-damage|p1a: Toxicroak|94/100|[from] Stealth Rock
|
|-weather|RainDance|[upkeep]
|-heal|p1a: Toxicroak|100/100|[from] ability: Dry Skin
|upkeep
|turn|2
|inactive|AMBATUBLOUGH has 120 seconds left.
|
|t:|1780924509
|switch|p2a: Gliscor|Gliscor, F|100/100
|move|p1a: Toxicroak|Knock Off|p2a: Gliscor
|-damage|p2a: Gliscor|81/100
|-enditem|p2a: Gliscor|Toxic Orb|[from] move: Knock Off|[of] p1a: Toxicroak
|
|-weather|RainDance|[upkeep]
|upkeep
|turn|3
|l| a jellyfish
|
|t:|1780924521
|switch|p1a: Pelipper|Pelipper, F|84/100
|-damage|p1a: Pelipper|59/100|[from] Stealth Rock
|move|p2a: Gliscor|Earthquake|p1a: Pelipper
|-immune|p1a: Pelipper
|
|-weather|RainDance|[upkeep]
|upkeep
|turn|4
|
|t:|1780924527
|switch|p2a: Ting-Lu|Ting-Lu, shiny, tera:Water|95/100
|-ability|p2a: Ting-Lu|Vessel of Ruin
|move|p1a: Pelipper|Weather Ball|p2a: Ting-Lu
|-resisted|p2a: Ting-Lu
|-damage|p2a: Ting-Lu|82/100
|
|-weather|RainDance|[upkeep]
|upkeep
|turn|5
|
|t:|1780924531
|move|p2a: Ting-Lu|Ruination|p1a: Pelipper
|-damage|p1a: Pelipper|30/100
|move|p1a: Pelipper|Roost|p1a: Pelipper
|-heal|p1a: Pelipper|80/100
|-singleturn|p1a: Pelipper|move: Roost
|
|-weather|RainDance|[upkeep]
|upkeep
|turn|6
|
|t:|1780924544
|switch|p1a: Iron Treads|Iron Treads|100/100
|-damage|p1a: Iron Treads|98/100|[from] Stealth Rock
|move|p2a: Ting-Lu|Ruination|p1a: Iron Treads
|-damage|p1a: Iron Treads|49/100
|
|-weather|RainDance|[upkeep]
|-heal|p1a: Iron Treads|55/100|[from] item: Leftovers
|upkeep
|turn|7
|
|t:|1780924552
|switch|p2a: Dragapult|Dragapult, M|100/100
|move|p1a: Iron Treads|Earthquake|p2a: Dragapult
|-damage|p2a: Dragapult|46/100
|
|-weather|RainDance|[upkeep]
|-heal|p1a: Iron Treads|61/100|[from] item: Leftovers
|upkeep
|turn|8
|
|t:|1780924558
|move|p2a: Dragapult|Will-O-Wisp|p1a: Iron Treads|[miss]
|-miss|p2a: Dragapult|p1a: Iron Treads
|move|p1a: Iron Treads|Earthquake|p2a: Dragapult
|-damage|p2a: Dragapult|0 fnt
|faint|p2a: Dragapult
|
|-weather|none
|-heal|p1a: Iron Treads|67/100|[from] item: Leftovers
|upkeep
|-message|AMBATUBLOUGH forfeited.
|
|win|teamskullenoxa
|raw|teamskullenoxa's rating: 1577 &rarr; <strong>1594</strong><br />(+17 for winning)
|raw|AMBATUBLOUGH's rating: 1532 &rarr; <strong>1515</strong><br />(-17 for losing)
|l|☆AMBATUBLOUGH
|player|p2|
|l|☆teamskullenoxa
|player|p1|
