|j|☆power of sound
|j|☆18dabloons
|t:|1781070074
|gametype|singles
|player|p1|power of sound|2|1765
|player|p2|18dabloons|caitlin|1766
|gen|9
|tier|[Gen 9] OU
|rated|
|rule|HP Percentage Mod: HP is shown in percentages
|rule|Endless Battle Clause: Forcing endless battles is banned
|rule|Species Clause: Limit one of each Pokémon
|rule|OHKO Clause: OHKO moves are banned
|rule|Evasion Items Clause: Evasion items are banned
|rule|Evasion Moves Clause: Evasion moves are banned
|rule|Evasion Abilities Clause: Evasion abilities are banned
|rule|Sleep Moves Clause: Sleep-inducing moves are banned
|clearpoke
|poke|p1|Gliscor, M|
|poke|p1|Blissey, F|
|poke|p1|Clodsire, F|
|poke|p1|Clefable, F|
|poke|p1|Pecharunt|
|poke|p1|Skarmory, F|
|poke|p2|Ursaluna, M|
|poke|p2|Alomomola, M|
|poke|p2|Excadrill, M|
|poke|p2|Tyranitar, M|
|poke|p2|Keldeo-Resolute|
|poke|p2|Gholdengo|
|teampreview
|
|t:|1781070119
|teamsize|p1|6
|teamsize|p2|6
|start
|switch|p1a: Skarmory|Skarmory, F|100/100
|switch|p2a: Keldeo|Keldeo-Resolute|100/100
|turn|1
|
|t:|1781070132
|move|p2a: Keldeo|Surf|p1a: Skarmory
|-damage|p1a: Skarmory|11/100
|move|p1a: Skarmory|Brave Bird|p2a: Keldeo
|-supereffective|p2a: Keldeo
|-damage|p2a: Keldeo|28/100
|-damage|p1a: Skarmory|0 fnt|[from] Recoil
|faint|p1a: Skarmory
|
|upkeep
|
|t:|1781070142
|switch|p1a: Blissey|Blissey, F|100/100
|turn|2
|
|t:|1781070163
|switch|p2a: Alomomola|Alomomola, M, shiny|100/100
|move|p1a: Blissey|Stealth Rock|p2a: Alomomola
|-sidestart|p2: 18dabloons|move: Stealth Rock
|
|upkeep
|turn|3
|
|t:|1781070169
|switch|p1a: Gliscor|Gliscor, M|100/100
|move|p2a: Alomomola|Flip Turn|p1a: Gliscor
|-supereffective|p1a: Gliscor
|-damage|p1a: Gliscor|75/100
|
|t:|1781070172
|switch|p2a: Ursaluna|Ursaluna, M|100/100|[from] Flip Turn
|-damage|p2a: Ursaluna|94/100|[from] Stealth Rock
|
|-status|p1a: Gliscor|tox|[from] item: Toxic Orb
|-status|p2a: Ursaluna|brn|[from] item: Flame Orb
|upkeep
|turn|4
|
|t:|1781070178
|move|p1a: Gliscor|Protect|p1a: Gliscor
|-singleturn|p1a: Gliscor|Protect
|move|p2a: Ursaluna|Swords Dance|p2a: Ursaluna
|-boost|p2a: Ursaluna|atk|2
|
|-heal|p1a: Gliscor|87/100 tox|[from] ability: Poison Heal
|-damage|p2a: Ursaluna|88/100 brn|[from] brn
|upkeep
|turn|5
|
|t:|1781070185
|switch|p1a: Pecharunt|Pecharunt|100/100
|move|p2a: Ursaluna|Headlong Rush|p1a: Pecharunt
|-supereffective|p1a: Pecharunt
|-damage|p1a: Pecharunt|0 fnt
|-unboost|p2a: Ursaluna|def|1
|-unboost|p2a: Ursaluna|spd|1
|faint|p1a: Pecharunt
|
|-damage|p2a: Ursaluna|82/100 brn|[from] brn
|upkeep
|
|t:|1781070210
|switch|p1a: Clefable|Clefable, F|100/100
|turn|6
|
|t:|1781070213
|move|p1a: Clefable|Moonblast|p2a: Ursaluna
|-damage|p2a: Ursaluna|39/100 brn
|move|p2a: Ursaluna|Facade|p1a: Clefable
|-damage|p1a: Clefable|0 fnt
|-damage|p2a: Ursaluna|22/100 brn|[from] item: Rocky Helmet|[of] p1a: Clefable
|faint|p1a: Clefable
|
|-damage|p2a: Ursaluna|16/100 brn|[from] brn
|upkeep
|j| AbrarS
|
|t:|1781070221
|switch|p1a: Gliscor|Gliscor, M|87/100 tox
|turn|7
|
|t:|1781070235
|switch|p2a: Alomomola|Alomomola, M, shiny|100/100
|-damage|p2a: Alomomola|88/100|[from] Stealth Rock
|move|p1a: Gliscor|Knock Off|p2a: Alomomola
|-damage|p2a: Alomomola|77/100
|-enditem|p2a: Alomomola|Red Card|[from] move: Knock Off|[of] p1a: Gliscor
|
|-heal|p1a: Gliscor|99/100 tox|[from] ability: Poison Heal
|upkeep
|turn|8
|
|t:|1781070239
|move|p1a: Gliscor|Swords Dance|p1a: Gliscor
|-boost|p1a: Gliscor|atk|2
|move|p2a: Alomomola|Wish|p2a: Alomomola
|
|-heal|p1a: Gliscor|100/100 tox|[from] ability: Poison Heal
|upkeep
|turn|9
|
|t:|1781070245
|move|p1a: Gliscor|Swords Dance|p1a: Gliscor
|-boost|p1a: Gliscor|atk|2
|move|p2a: Alomomola|Flip Turn|p1a: Gliscor
|-supereffective|p1a: Gliscor
|-damage|p1a: Gliscor|76/100 tox
|
|t:|1781070248
|switch|p2a: Keldeo|Keldeo-Resolute|28/100|[from] Flip Turn
|-damage|p2a: Keldeo|22/100|[from] Stealth Rock
|
|-heal|p2a: Keldeo|100/100|[from] move: Wish|[wisher] Alomomola
|-heal|p1a: Gliscor|89/100 tox|[from] ability: Poison Heal
|upkeep
|turn|10
|
|t:|1781070250
|move|p1a: Gliscor|Protect|p1a: Gliscor
|-singleturn|p1a: Gliscor|Protect
|move|p2a: Keldeo|Surf|p1a: Gliscor
|-activate|p1a: Gliscor|move: Protect
|
|-heal|p1a: Gliscor|100/100 tox|[from] ability: Poison Heal
|upkeep
|turn|11
|
|t:|1781070255
|-terastallize|p1a: Gliscor|Normal
|move|p2a: Keldeo|Surf|p1a: Gliscor
|-damage|p1a: Gliscor|43/100 tox
|move|p1a: Gliscor|Facade|p2a: Keldeo
|-damage|p2a: Keldeo|0 fnt
|faint|p2a: Keldeo
|
|-heal|p1a: Gliscor|56/100 tox|[from] ability: Poison Heal
|upkeep
|
|t:|1781070291
|switch|p2a: Gholdengo|Gholdengo|100/100
|-damage|p2a: Gholdengo|94/100|[from] Stealth Rock
|turn|12
|
|t:|1781070297
|move|p1a: Gliscor|Knock Off|p2a: Gholdengo
|-supereffective|p2a: Gholdengo
|-enditem|p2a: Gholdengo|Colbur Berry|[eat]
|-enditem|p2a: Gholdengo|Colbur Berry|[weaken]
|-damage|p2a: Gholdengo|46/100
|move|p2a: Gholdengo|Focus Blast|p1a: Gliscor
|-supereffective|p1a: Gliscor
|-damage|p1a: Gliscor|0 fnt
|faint|p1a: Gliscor
|
|upkeep
|
|t:|1781070313
|switch|p1a: Clodsire|Clodsire, F|100/100
|turn|13
|-message|power of sound forfeited.
|
|win|18dabloons
|raw|power of sound's rating: 1765 &rarr; <strong>1745</strong><br />(-20 for losing)
|raw|18dabloons's rating: 1766 &rarr; <strong>1786</strong><br />(+20 for winning)
|l|☆power of sound
|player|p1|
|l| AbrarS
|l|☆18dabloons
|player|p2|
