|j|☆afdragonite
|j|☆levi6969
|t:|1781563915
|gametype|singles
|player|p1|afdragonite|gentleman-gen4dp|1532
|player|p2|levi6969|265|1518
|gen|9
|tier|[Gen 9] OU
|rated|
|rule|HP Percentage Mod: HP is shown in percentages
|rule|Endless Battle Clause: Forcing endless battles is banned
|rule|Species Clause: Limit one of each Pokémon
|rule|OHKO Clause: OHKO moves are banned
|rule|Evasion Items Clause: Evasion items are banned
|rule|Evasion Moves Clause: Evasion moves are banned
|rule|Evasion Abilities Clause: Evasion abilities are banned
|rule|Sleep Moves Clause: Sleep-inducing moves are banned
|clearpoke
|poke|p1|Rillaboom, M|
|poke|p1|Ogerpon, F|
|poke|p1|Hawlucha, M|
|poke|p1|Great Tusk|
|poke|p1|Alomomola, F|
|poke|p1|Slowking-Galar, F|
|poke|p2|Meowscarada, M|
|poke|p2|Froslass, F|
|poke|p2|Great Tusk|
|poke|p2|Weezing-Galar, M|
|poke|p2|Dragonite, F|
|poke|p2|Empoleon, F|
|teampreview
|inactive|Battle timer is ON: inactive players will automatically lose when time's up. (requested by afdragonite)
|
|t:|1781563923
|teamsize|p1|6
|teamsize|p2|6
|start
|switch|p1a: Ogerpon|Ogerpon, F|100/100
|switch|p2a: Froslass|Froslass, F|100/100
|turn|1
|
|t:|1781563931
|move|p2a: Froslass|Thunder Wave|p1a: Ogerpon
|-status|p1a: Ogerpon|par
|cant|p1a: Ogerpon|par
|
|upkeep
|turn|2
|
|t:|1781563940
|switch|p2a: Weezing|Weezing-Galar, M|100/100
|-ability|p2a: Weezing|Neutralizing Gas
|cant|p1a: Ogerpon|par
|
|upkeep
|turn|3
|
|t:|1781563944
|switch|p1a: Slowking|Slowking-Galar, F|100/100
|move|p2a: Weezing|Strange Steam|p1a: Slowking
|-resisted|p1a: Slowking
|-damage|p1a: Slowking|94/100
|
|upkeep
|turn|4
|
|t:|1781563947
|move|p2a: Weezing|Will-O-Wisp|p1a: Slowking
|-status|p1a: Slowking|brn
|move|p1a: Slowking|Sludge Bomb|p2a: Weezing
|-damage|p2a: Weezing|47/100
|
|-damage|p1a: Slowking|88/100 brn|[from] brn
|upkeep
|turn|5
|
|t:|1781563951
|-end|p2a: Weezing|ability: Neutralizing Gas
|switch|p2a: Empoleon|Empoleon, F|100/100
|move|p1a: Slowking|Sludge Bomb|p2a: Empoleon
|-immune|p2a: Empoleon
|
|-damage|p1a: Slowking|82/100 brn|[from] brn
|upkeep
|turn|6
|
|t:|1781563957
|move|p2a: Empoleon|Flash Cannon|p1a: Slowking
|-damage|p1a: Slowking|67/100 brn
|move|p1a: Slowking|Psychic Noise|p2a: Empoleon
|-resisted|p2a: Empoleon
|-damage|p2a: Empoleon|89/100
|
|-damage|p1a: Slowking|61/100 brn|[from] brn
|upkeep
|turn|7
|
|t:|1781563961
|switch|p1a: Alomomola|Alomomola, F|100/100
|move|p2a: Empoleon|Flash Cannon|p1a: Alomomola
|-resisted|p1a: Alomomola
|-damage|p1a: Alomomola|81/100
|
|upkeep
|turn|8
|
|t:|1781563967
|switch|p2a: Weezing|Weezing-Galar, M|47/100
|-ability|p2a: Weezing|Neutralizing Gas
|move|p1a: Alomomola|Wish|p1a: Alomomola
|
|upkeep
|turn|9
|
|t:|1781563970
|move|p2a: Weezing|Pain Split|p1a: Alomomola
|-sethp|p1a: Alomomola|56/100|[from] move: Pain Split|[silent]
|-sethp|p2a: Weezing|89/100|[from] move: Pain Split
|move|p1a: Alomomola|Flip Turn|p2a: Weezing
|-damage|p2a: Weezing|77/100
|-damage|p1a: Alomomola|39/100|[from] item: Rocky Helmet|[of] p2a: Weezing
|
|t:|1781563973
|switch|p1a: Slowking|Slowking-Galar, F|94/100 brn|[from] Flip Turn
|
|-heal|p1a: Slowking|100/100 brn|[from] move: Wish|[wisher] Alomomola
|-damage|p1a: Slowking|94/100 brn|[from] brn
|upkeep
|turn|10
|
|t:|1781563988
|-end|p2a: Weezing|ability: Neutralizing Gas
|switch|p2a: Meowscarada|Meowscarada, M|100/100
|move|p1a: Slowking|Psychic Noise|p2a: Meowscarada
|-immune|p2a: Meowscarada
|
|-damage|p1a: Slowking|88/100 brn|[from] brn
|upkeep
|turn|11
|
|t:|1781563996
|switch|p1a: Alomomola|Alomomola, F|39/100
|move|p2a: Meowscarada|Dark Pulse|p1a: Alomomola
|-start|p2a: Meowscarada|typechange|Dark|[from] ability: Protean
|-damage|p1a: Alomomola|0 fnt
|faint|p1a: Alomomola
|
|upkeep
|
|t:|1781563999
|switch|p1a: Slowking|Slowking-Galar, F|100/100 brn
|turn|12
|
|t:|1781564007
|move|p2a: Meowscarada|Dark Pulse|p1a: Slowking
|-supereffective|p1a: Slowking
|-damage|p1a: Slowking|59/100 brn
|move|p1a: Slowking|Sludge Bomb|p2a: Meowscarada
|-damage|p2a: Meowscarada|36/100
|
|-damage|p1a: Slowking|53/100 brn|[from] brn
|upkeep
|turn|13
|
|t:|1781564010
|move|p2a: Meowscarada|Dark Pulse|p1a: Slowking
|-supereffective|p1a: Slowking
|-damage|p1a: Slowking|9/100 brn
|move|p1a: Slowking|Sludge Bomb|p2a: Meowscarada
|-crit|p2a: Meowscarada
|-damage|p2a: Meowscarada|0 fnt
|faint|p2a: Meowscarada
|
|-damage|p1a: Slowking|3/100 brn|[from] brn
|upkeep
|
|t:|1781564015
|switch|p2a: Weezing|Weezing-Galar, M|77/100
|-ability|p2a: Weezing|Neutralizing Gas
|turn|14
|
|t:|1781564026
|switch|p1a: Great Tusk|Great Tusk|100/100
|move|p2a: Weezing|Will-O-Wisp|p1a: Great Tusk
|-status|p1a: Great Tusk|brn
|
|-damage|p1a: Great Tusk|94/100 brn|[from] brn
|upkeep
|turn|15
|
|t:|1781564033
|-end|p1a: Great Tusk|Protosynthesis|[silent]
|switch|p1a: Slowking|Slowking-Galar, F|3/100 brn
|-end|p2a: Weezing|ability: Neutralizing Gas
|switch|p2a: Great Tusk|Great Tusk|100/100
|
|-damage|p1a: Slowking|0 fnt|[from] brn
|faint|p1a: Slowking
|upkeep
|c|☆afdragonite|yo
|c|☆afdragonite|what happened to regenerator
|inactive|afdragonite has 120 seconds left.
|
|t:|1781564072
|switch|p1a: Rillaboom|Rillaboom, M|100/100
|-fieldstart|move: Grassy Terrain|[from] ability: Grassy Surge|[of] p1a: Rillaboom
|turn|16
|
|t:|1781564076
|-end|p2a: Great Tusk|Protosynthesis|[silent]
|switch|p2a: Weezing|Weezing-Galar, M|77/100
|-ability|p2a: Weezing|Neutralizing Gas
|move|p1a: Rillaboom|Grassy Glide|p2a: Weezing
|-resisted|p2a: Weezing
|-damage|p2a: Weezing|57/100
|-damage|p1a: Rillaboom|84/100|[from] item: Rocky Helmet|[of] p2a: Weezing
|
|-heal|p1a: Rillaboom|90/100|[from] Grassy Terrain
|-heal|p2a: Weezing|63/100|[from] Grassy Terrain
|upkeep
|turn|17
|
|t:|1781564081
|switch|p1a: Great Tusk|Great Tusk|94/100 brn
|move|p2a: Weezing|Strange Steam|p1a: Great Tusk
|-supereffective|p1a: Great Tusk
|-damage|p1a: Great Tusk|16/100 brn
|
|-heal|p1a: Great Tusk|22/100 brn|[from] Grassy Terrain
|-heal|p2a: Weezing|69/100|[from] Grassy Terrain
|-damage|p1a: Great Tusk|16/100 brn|[from] brn
|upkeep
|turn|18
|
|t:|1781564086
|-end|p2a: Weezing|ability: Neutralizing Gas
|switch|p2a: Empoleon|Empoleon, F|89/100
|-enditem|p1a: Great Tusk|Booster Energy
|-activate|p1a: Great Tusk|ability: Protosynthesis|[fromitem]
|-start|p1a: Great Tusk|protosynthesisatk
|move|p1a: Great Tusk|Headlong Rush|p2a: Empoleon
|-supereffective|p2a: Empoleon
|-damage|p2a: Empoleon|2/100
|-unboost|p1a: Great Tusk|def|1
|-unboost|p1a: Great Tusk|spd|1
|
|-heal|p1a: Great Tusk|22/100 brn|[from] Grassy Terrain
|-heal|p2a: Empoleon|8/100|[from] Grassy Terrain
|-damage|p1a: Great Tusk|16/100 brn|[from] brn
|upkeep
|turn|19
|
|t:|1781564097
|switch|p2a: Great Tusk|Great Tusk|100/100
|move|p1a: Great Tusk|Close Combat|p2a: Great Tusk
|-damage|p2a: Great Tusk|70/100
|-unboost|p1a: Great Tusk|def|1
|-unboost|p1a: Great Tusk|spd|1
|
|-heal|p2a: Great Tusk|76/100|[from] Grassy Terrain
|-heal|p1a: Great Tusk|22/100 brn|[from] Grassy Terrain
|-damage|p1a: Great Tusk|16/100 brn|[from] brn
|upkeep
|turn|20
|
|t:|1781564104
|-end|p1a: Great Tusk|Protosynthesis|[silent]
|switch|p1a: Hawlucha|Hawlucha, M|100/100
|-enditem|p1a: Hawlucha|Grassy Seed
|-boost|p1a: Hawlucha|def|1|[from] item: Grassy Seed
|move|p2a: Great Tusk|Ice Spinner|p1a: Hawlucha
|-supereffective|p1a: Hawlucha
|-damage|p1a: Hawlucha|50/100
|-fieldend|move: Grassy Terrain
|
|upkeep
|turn|21
|
|t:|1781564109
|-terastallize|p1a: Hawlucha|Flying
|move|p1a: Hawlucha|Acrobatics|p2a: Great Tusk
|-supereffective|p2a: Great Tusk
|-damage|p2a: Great Tusk|0 fnt
|faint|p2a: Great Tusk
|-end|p2a: Great Tusk|Protosynthesis|[silent]
|
|upkeep
|
|t:|1781564120
|switch|p2a: Weezing|Weezing-Galar, M|69/100
|-ability|p2a: Weezing|Neutralizing Gas
|turn|22
|
|t:|1781564122
|switch|p1a: Great Tusk|Great Tusk|16/100 brn
|move|p2a: Weezing|Will-O-Wisp|p1a: Great Tusk|[miss]
|-miss|p2a: Weezing|p1a: Great Tusk
|
|-damage|p1a: Great Tusk|10/100 brn|[from] brn
|upkeep
|turn|23
|
|t:|1781564127
|-end|p2a: Weezing|ability: Neutralizing Gas
|switch|p2a: Empoleon|Empoleon, F|8/100
|move|p1a: Great Tusk|Ice Spinner|p2a: Empoleon
|-resisted|p2a: Empoleon
|-damage|p2a: Empoleon|4/100
|
|-damage|p1a: Great Tusk|4/100 brn|[from] brn
|upkeep
|turn|24
|
|t:|1781564133
|move|p1a: Great Tusk|Headlong Rush|p2a: Empoleon
|-supereffective|p2a: Empoleon
|-damage|p2a: Empoleon|0 fnt
|-unboost|p1a: Great Tusk|def|1
|-unboost|p1a: Great Tusk|spd|1
|faint|p2a: Empoleon
|
|-damage|p1a: Great Tusk|0 fnt|[from] brn
|faint|p1a: Great Tusk
|-end|p1a: Great Tusk|Protosynthesis|[silent]
|upkeep
|
|t:|1781564142
|switch|p1a: Rillaboom|Rillaboom, M|90/100
|switch|p2a: Weezing|Weezing-Galar, M|69/100
|-ability|p2a: Weezing|Neutralizing Gas
|turn|25
|
|t:|1781564149
|move|p1a: Rillaboom|Knock Off|p2a: Weezing
|-resisted|p2a: Weezing
|-damage|p2a: Weezing|52/100
|-damage|p1a: Rillaboom|74/100|[from] item: Rocky Helmet|[of] p2a: Weezing
|-enditem|p2a: Weezing|Rocky Helmet|[from] move: Knock Off|[of] p1a: Rillaboom
|move|p2a: Weezing|Will-O-Wisp|p1a: Rillaboom
|-status|p1a: Rillaboom|brn
|
|-damage|p1a: Rillaboom|68/100 brn|[from] brn
|upkeep
|turn|26
|
|t:|1781564155
|switch|p1a: Ogerpon|Ogerpon, F|100/100 par
|move|p2a: Weezing|Pain Split|p1a: Ogerpon
|-sethp|p1a: Ogerpon|79/100 par|[from] move: Pain Split|[silent]
|-sethp|p2a: Weezing|71/100|[from] move: Pain Split
|
|upkeep
|turn|27
|
|t:|1781564160
|cant|p1a: Ogerpon|par
|move|p2a: Weezing|Strange Steam|p1a: Ogerpon
|-damage|p1a: Ogerpon|50/100 par
|
|upkeep
|turn|28
|
|t:|1781564164
|move|p1a: Ogerpon|Stomping Tantrum|p2a: Weezing
|-supereffective|p2a: Weezing
|-damage|p2a: Weezing|0 fnt
|faint|p2a: Weezing
|-end|p2a: Weezing|ability: Neutralizing Gas
|
|upkeep
|
|t:|1781564175
|switch|p2a: Dragonite|Dragonite, F|100/100
|turn|29
|
|t:|1781564179
|switch|p1a: Rillaboom|Rillaboom, M|68/100 brn
|-fieldstart|move: Grassy Terrain|[from] ability: Grassy Surge|[of] p1a: Rillaboom
|move|p2a: Dragonite|Dragon Dance|p2a: Dragonite
|-boost|p2a: Dragonite|atk|1
|-boost|p2a: Dragonite|spe|1
|
|-heal|p1a: Rillaboom|74/100 brn|[from] Grassy Terrain
|-damage|p1a: Rillaboom|68/100 brn|[from] brn
|upkeep
|turn|30
|
|t:|1781564182
|move|p2a: Dragonite|Fire Punch|p1a: Rillaboom
|-supereffective|p1a: Rillaboom
|-damage|p1a: Rillaboom|0 fnt
|faint|p1a: Rillaboom
|
|upkeep
|
|t:|1781564185
|switch|p1a: Hawlucha|Hawlucha, M, tera:Flying|50/100
|turn|31
|
|t:|1781564191
|-terastallize|p2a: Dragonite|Normal
|move|p2a: Dragonite|Extreme Speed|p1a: Hawlucha
|-damage|p1a: Hawlucha|0 fnt
|faint|p1a: Hawlucha
|
|upkeep
|
|t:|1781564194
|switch|p1a: Ogerpon|Ogerpon, F|50/100 par
|turn|32
|
|t:|1781564197
|move|p2a: Dragonite|Fire Punch|p1a: Ogerpon
|-supereffective|p1a: Ogerpon
|-damage|p1a: Ogerpon|0 fnt
|faint|p1a: Ogerpon
|
|win|levi6969
|raw|afdragonite's rating: 1532 &rarr; <strong>1511</strong><br />(-21 for losing)
|raw|levi6969's rating: 1518 &rarr; <strong>1539</strong><br />(+21 for winning)
|l|☆levi6969
|player|p2|
|l|☆afdragonite
|player|p1|
