|j|☆Parking Lot Demon
|j|☆n5v
|t:|1780935629
|gametype|singles
|player|p1|Parking Lot Demon|265|1646
|player|p2|n5v|leon-masters|1624
|gen|9
|tier|[Gen 9] OU
|rated|
|rule|HP Percentage Mod: HP is shown in percentages
|rule|Endless Battle Clause: Forcing endless battles is banned
|rule|Species Clause: Limit one of each Pokémon
|rule|OHKO Clause: OHKO moves are banned
|rule|Evasion Items Clause: Evasion items are banned
|rule|Evasion Moves Clause: Evasion moves are banned
|rule|Evasion Abilities Clause: Evasion abilities are banned
|rule|Sleep Moves Clause: Sleep-inducing moves are banned
|clearpoke
|poke|p1|Araquanid, F|
|poke|p1|Gholdengo|
|poke|p1|Iron Moth|
|poke|p1|Iron Valiant|
|poke|p1|Raging Bolt|
|poke|p1|Kingambit, F|
|poke|p2|Dondozo, M|
|poke|p2|Blissey, F|
|poke|p2|Corviknight, F|
|poke|p2|Weezing-Galar, M|
|poke|p2|Gliscor, F|
|poke|p2|Toxapex, M|
|teampreview
|inactive|Battle timer is ON: inactive players will automatically lose when time's up. (requested by Parking Lot Demon)
|
|t:|1780935646
|teamsize|p1|6
|teamsize|p2|6
|start
|switch|p1a: Gholdengo|Gholdengo|100/100
|switch|p2a: Toxapex|Toxapex, M|100/100
|-item|p1a: Gholdengo|Air Balloon
|turn|1
|j| Pinkstork
|j| mothily ><
|j| asd zxL
|
|t:|1780935651
|move|p1a: Gholdengo|Nasty Plot|p1a: Gholdengo
|-boost|p1a: Gholdengo|spa|2
|move|p2a: Toxapex|Toxic Spikes|p1a: Gholdengo
|-sidestart|p1: Parking Lot Demon|move: Toxic Spikes
|
|upkeep
|turn|2
|l| asd zxL
|l| Pinkstork
|
|t:|1780935675
|move|p1a: Gholdengo|Psyshock|p2a: Toxapex
|-supereffective|p2a: Toxapex
|-damage|p2a: Toxapex|12/100
|move|p2a: Toxapex|Toxic Spikes|p1a: Gholdengo
|-sidestart|p1: Parking Lot Demon|move: Toxic Spikes
|
|-heal|p2a: Toxapex|19/100|[from] item: Leftovers
|upkeep
|turn|3
|j| asd zxL
|j| Pinkstork
|
|t:|1780935684
|switch|p2a: Dondozo|Dondozo, M|100/100
|move|p1a: Gholdengo|Shadow Ball|p2a: Dondozo
|-damage|p2a: Dondozo|58/100
|
|-heal|p2a: Dondozo|64/100|[from] item: Leftovers
|upkeep
|turn|4
|l| Pinkstork
|j| Pinkstork
|inactive|n5v has 120 seconds left.
|l| Pinkstork
|l| asd zxL
|j| Pinkstork
|j| SilverDE
|l| Pinkstork
|j| Pinkstork
|l| Pinkstork
|inactive|n5v has 90 seconds left.
|
|t:|1780935749
|switch|p2a: Blissey|Blissey, F|100/100
|move|p1a: Gholdengo|Shadow Ball|p2a: Blissey
|-immune|p2a: Blissey
|
|upkeep
|turn|5
|inactive|n5v has 90 seconds left.
|j| Pinkstork
|l| Pinkstork
|j| asd zxL
|j| Pinkstork
|l| Pinkstork
|
|t:|1780935788
|switch|p2a: Gliscor|Gliscor, F|100/100
|move|p1a: Gholdengo|Psyshock|p2a: Gliscor
|-crit|p2a: Gliscor
|-damage|p2a: Gliscor|35/100
|
|-status|p2a: Gliscor|tox|[from] item: Toxic Orb
|upkeep
|turn|6
|l| SilverDE
|j| Pinkstork
|l| asd zxL
|inactive|n5v has 60 seconds left.
|
|t:|1780935808
|switch|p1a: Iron Moth|Iron Moth|100/100
|-sideend|p1: Parking Lot Demon|move: Toxic Spikes|[of] p1a: Iron Moth
|-enditem|p1a: Iron Moth|Booster Energy
|-activate|p1a: Iron Moth|ability: Quark Drive|[fromitem]
|-start|p1a: Iron Moth|quarkdrivespa
|switch|p2a: Toxapex|Toxapex, M|52/100
|
|-heal|p2a: Toxapex|58/100|[from] item: Leftovers
|upkeep
|turn|7
|l| Pinkstork
|inactive|n5v has 60 seconds left.
|
|t:|1780935823
|switch|p2a: Blissey|Blissey, F|100/100
|move|p1a: Iron Moth|Substitute|p1a: Iron Moth
|-start|p1a: Iron Moth|Substitute
|-damage|p1a: Iron Moth|76/100
|
|upkeep
|turn|8
|
|t:|1780935830
|move|p1a: Iron Moth|Fiery Dance|p2a: Blissey
|-damage|p2a: Blissey|82/100
|move|p2a: Blissey|Seismic Toss|p1a: Iron Moth
|-end|p1a: Iron Moth|Substitute
|
|-heal|p2a: Blissey|88/100|[from] item: Leftovers
|upkeep
|turn|9
|j| Pinkstork
|
|t:|1780935835
|move|p1a: Iron Moth|Fiery Dance|p2a: Blissey
|-damage|p2a: Blissey|70/100
|-boost|p1a: Iron Moth|spa|1
|move|p2a: Blissey|Calm Mind|p2a: Blissey
|-boost|p2a: Blissey|spa|1
|-boost|p2a: Blissey|spd|1
|
|-heal|p2a: Blissey|77/100|[from] item: Leftovers
|upkeep
|turn|10
|l| Pinkstork
|
|t:|1780935850
|-end|p1a: Iron Moth|Quark Drive|[silent]
|switch|p1a: Kingambit|Kingambit, F|100/100
|-item|p1a: Kingambit|Air Balloon
|move|p2a: Blissey|Seismic Toss|p1a: Kingambit
|-damage|p1a: Kingambit|71/100
|-enditem|p1a: Kingambit|Air Balloon
|
|-heal|p2a: Blissey|83/100|[from] item: Leftovers
|upkeep
|turn|11
|j| asd zxL
|inactive|n5v has 90 seconds left.
|
|t:|1780935856
|-end|p1a: Kingambit|fallenundefined|[silent]
|switch|p1a: Araquanid|Araquanid, F|100/100
|switch|p2a: Corviknight|Corviknight, F|100/100
|-ability|p2a: Corviknight|Pressure
|
|upkeep
|turn|12
|j| Pinkstork
|inactive|n5v has 90 seconds left.
|inactive|Parking Lot Demon has 120 seconds left.
|l| Pinkstork
|
|t:|1780935892
|switch|p2a: Blissey|Blissey, F|83/100
|move|p1a: Araquanid|Sticky Web|p2a: Blissey
|-sidestart|p2: n5v|move: Sticky Web
|
|-heal|p2a: Blissey|89/100|[from] item: Leftovers
|upkeep
|turn|13
|
|t:|1780935896
|switch|p1a: Gholdengo|Gholdengo|100/100
|-item|p1a: Gholdengo|Air Balloon
|move|p2a: Blissey|Stealth Rock|p1a: Gholdengo
|-sidestart|p1: Parking Lot Demon|move: Stealth Rock
|
|-heal|p2a: Blissey|95/100|[from] item: Leftovers
|upkeep
|turn|14
|j| Pinkstork
|inactive|n5v has 90 seconds left.
|l| Pinkstork
|
|t:|1780935930
|-terastallize|p2a: Blissey|Dark
|move|p1a: Gholdengo|Nasty Plot|p1a: Gholdengo
|-boost|p1a: Gholdengo|spa|2
|move|p2a: Blissey|Calm Mind|p2a: Blissey
|-boost|p2a: Blissey|spa|1
|-boost|p2a: Blissey|spd|1
|
|-heal|p2a: Blissey|100/100|[from] item: Leftovers
|upkeep
|turn|15
|inactive|Parking Lot Demon has 120 seconds left.
|
|t:|1780935955
|move|p1a: Gholdengo|Nasty Plot|p1a: Gholdengo
|-boost|p1a: Gholdengo|spa|2
|move|p2a: Blissey|Calm Mind|p2a: Blissey
|-boost|p2a: Blissey|spa|1
|-boost|p2a: Blissey|spd|1
|
|upkeep
|turn|16
|j| Pinkstork
|inactive|n5v has 90 seconds left.
|l| Pinkstork
|
|t:|1780935968
|move|p1a: Gholdengo|Nasty Plot|p1a: Gholdengo
|-boost|p1a: Gholdengo|spa|2
|move|p2a: Blissey|Calm Mind|p2a: Blissey
|-boost|p2a: Blissey|spa|1
|-boost|p2a: Blissey|spd|1
|
|upkeep
|turn|17
|j| Pinkstork
|
|t:|1780935983
|move|p1a: Gholdengo|Make It Rain|p2a: Blissey
|-damage|p2a: Blissey|71/100
|-unboost|p1a: Gholdengo|spa|1
|move|p2a: Blissey|Calm Mind|p2a: Blissey
|-boost|p2a: Blissey|spa|1
|-boost|p2a: Blissey|spd|1
|
|-heal|p2a: Blissey|77/100|[from] item: Leftovers
|upkeep
|turn|18
|
|t:|1780935991
|move|p1a: Gholdengo|Make It Rain|p2a: Blissey
|-damage|p2a: Blissey|55/100
|-unboost|p1a: Gholdengo|spa|1
|move|p2a: Blissey|Calm Mind|p2a: Blissey
|-boost|p2a: Blissey|spa|1
|-boost|p2a: Blissey|spd|1
|
|-heal|p2a: Blissey|61/100|[from] item: Leftovers
|upkeep
|turn|19
|
|t:|1780936000
|move|p1a: Gholdengo|Nasty Plot|p1a: Gholdengo
|-boost|p1a: Gholdengo|spa|2
|move|p2a: Blissey|Soft-Boiled|p2a: Blissey
|-heal|p2a: Blissey|100/100
|
|upkeep
|turn|20
|
|t:|1780936003
|move|p1a: Gholdengo|Make It Rain|p2a: Blissey
|-damage|p2a: Blissey|79/100
|-unboost|p1a: Gholdengo|spa|1
|move|p2a: Blissey|Calm Mind|p2a: Blissey
|-boost|p2a: Blissey|spa|1
|-boost|p2a: Blissey|spd|1
|
|-heal|p2a: Blissey|85/100|[from] item: Leftovers
|upkeep
|turn|21
|
|t:|1780936010
|move|p1a: Gholdengo|Nasty Plot|p1a: Gholdengo
|-boost|p1a: Gholdengo|spa|1
|move|p2a: Blissey|Stealth Rock||[still]
|-fail|p2a: Blissey
|
|-heal|p2a: Blissey|91/100|[from] item: Leftovers
|upkeep
|turn|22
|j| CxAxRxLxOxS
|l| Pinkstork
|
|t:|1780936020
|move|p1a: Gholdengo|Nasty Plot|p1a: Gholdengo
|-boost|p1a: Gholdengo|spa|0
|move|p2a: Blissey|Stealth Rock||[still]
|-fail|p2a: Blissey
|
|-heal|p2a: Blissey|97/100|[from] item: Leftovers
|upkeep
|turn|23
|j| SilverDE
|
|t:|1780936035
|move|p1a: Gholdengo|Nasty Plot|p1a: Gholdengo
|-boost|p1a: Gholdengo|spa|0
|move|p2a: Blissey|Stealth Rock||[still]
|-fail|p2a: Blissey
|
|-heal|p2a: Blissey|100/100|[from] item: Leftovers
|upkeep
|turn|24
|l|☆Parking Lot Demon
|inactive|Parking Lot Demon disconnected and has a minute to reconnect!
|player|p1|
|l| SilverDE
|l| asd zxL
|c|☆n5v|now dont come back
|c|☆n5v|:pray:
|c| mothily ><|:sob:
|l| CxAxRxLxOxS
|inactive|Parking Lot Demon has 30 seconds to reconnect!
|c| mothily ><|why so mean
|inactive|Parking Lot Demon has 20 seconds to reconnect!
|c|☆n5v|I just wanna win man.. :((
|j| Pinkstork
|inactive|Parking Lot Demon has 15 seconds to reconnect!
|inactive|Parking Lot Demon has 10 seconds to reconnect!
|inactive|Parking Lot Demon has 5 seconds to reconnect!
|-message|Parking Lot Demon lost due to inactivity.
|
|win|n5v
|raw|Parking Lot Demon's rating: 1646 &rarr; <strong>1625</strong><br />(-21 for losing)
|raw|n5v's rating: 1624 &rarr; <strong>1645</strong><br />(+21 for winning)
|c| mothily ><|meanie
|l| Pinkstork
|c|☆n5v|ez
|j| asd zxL
|c|☆n5v|gg
|c|☆n5v|quit
|c|☆n5v|lol
|l|☆n5v
|player|p2|
|l| asd zxL
|l| mothily ><
