|j|‽aaagislash
|j|☆Phantasmagorica
|t:|1781227012
|gametype|singles
|player|p1|aaagislash|265|1486
|player|p2|Phantasmagorica|red|1524
|gen|9
|tier|[Gen 9] OU
|rated|
|rule|HP Percentage Mod: HP is shown in percentages
|rule|Endless Battle Clause: Forcing endless battles is banned
|rule|Species Clause: Limit one of each Pokémon
|rule|OHKO Clause: OHKO moves are banned
|rule|Evasion Items Clause: Evasion items are banned
|rule|Evasion Moves Clause: Evasion moves are banned
|rule|Evasion Abilities Clause: Evasion abilities are banned
|rule|Sleep Moves Clause: Sleep-inducing moves are banned
|clearpoke
|poke|p1|Regieleki|
|poke|p1|Araquanid, F|
|poke|p1|Dragapult, M|
|poke|p1|Samurott-Hisui, M|
|poke|p1|Rillaboom, F|
|poke|p1|Mew|
|poke|p2|Landorus-Therian, M|
|poke|p2|Empoleon, F|
|poke|p2|Kingambit, M|
|poke|p2|Hoopa-Unbound|
|poke|p2|Dragapult, F|
|poke|p2|Great Tusk|
|teampreview
|inactive|Battle timer is ON: inactive players will automatically lose when time's up. (requested by Phantasmagorica)
|
|t:|1781227022
|teamsize|p1|6
|teamsize|p2|6
|start
|switch|p1a: Araquanid|Araquanid, F|100/100
|switch|p2a: Tiger Man|Landorus-Therian, M|100/100
|-ability|p2a: Tiger Man|Intimidate|boost
|-unboost|p1a: Araquanid|atk|1
|turn|1
|
|t:|1781227025
|move|p2a: Tiger Man|Taunt|p1a: Araquanid
|-start|p1a: Araquanid|move: Taunt
|move|p1a: Araquanid|Surf|p2a: Tiger Man
|-supereffective|p2a: Tiger Man
|-damage|p2a: Tiger Man|0 fnt
|faint|p2a: Tiger Man
|
|upkeep
|
|t:|1781227032
|switch|p2a: Wet dream|Hoopa-Unbound|100/100
|turn|2
|
|t:|1781227034
|move|p2a: Wet dream|Knock Off|p1a: Araquanid
|-damage|p1a: Araquanid|44/100
|-enditem|p1a: Araquanid|Red Card|[from] move: Knock Off|[of] p2a: Wet dream
|move|p1a: Araquanid|Surf|p2a: Wet dream
|-damage|p2a: Wet dream|74/100
|
|upkeep
|turn|3
|
|t:|1781227044
|move|p2a: Wet dream|Thunderbolt|p1a: Araquanid
|-supereffective|p1a: Araquanid
|-damage|p1a: Araquanid|0 fnt
|faint|p1a: Araquanid
|
|upkeep
|
|t:|1781227047
|switch|p1a: Samurott|Samurott-Hisui, M|100/100
|turn|4
|
|t:|1781227051
|switch|p2a: Cool Jeff|Great Tusk|100/100
|move|p1a: Samurott|Ceaseless Edge|p2a: Cool Jeff
|-resisted|p2a: Cool Jeff
|-damage|p2a: Cool Jeff|84/100
|-sidestart|p2: Phantasmagorica|Spikes
|
|upkeep
|turn|5
|
|t:|1781227058
|move|p2a: Cool Jeff|Ice Spinner|p1a: Samurott
|-resisted|p1a: Samurott
|-damage|p1a: Samurott|86/100
|move|p1a: Samurott|Aqua Cutter|p2a: Cool Jeff
|-supereffective|p2a: Cool Jeff
|-damage|p2a: Cool Jeff|21/100
|
|upkeep
|turn|6
|
|t:|1781227067
|-end|p2a: Cool Jeff|Protosynthesis|[silent]
|switch|p2a: Napoleon|Empoleon, F|100/100
|-damage|p2a: Napoleon|88/100|[from] Spikes
|switch|p1a: Dragapult|Dragapult, M|100/100
|
|upkeep
|turn|7
|
|t:|1781227071
|move|p1a: Dragapult|Will-O-Wisp|p2a: Napoleon
|-status|p2a: Napoleon|brn
|move|p2a: Napoleon|Flash Cannon|p1a: Dragapult
|-damage|p1a: Dragapult|12/100
|
|-damage|p2a: Napoleon|82/100 brn|[from] brn
|upkeep
|turn|8
|
|t:|1781227080
|switch|p1a: Samurott|Samurott-Hisui, M|86/100
|move|p2a: Napoleon|Flash Cannon|p1a: Samurott
|-resisted|p1a: Samurott
|-damage|p1a: Samurott|62/100
|
|-damage|p2a: Napoleon|76/100 brn|[from] brn
|upkeep
|turn|9
|
|t:|1781227084
|move|p1a: Samurott|Ceaseless Edge|p2a: Napoleon
|-damage|p2a: Napoleon|25/100 brn
|-sidestart|p2: Phantasmagorica|Spikes
|move|p2a: Napoleon|Flash Cannon|p1a: Samurott
|-resisted|p1a: Samurott
|-damage|p1a: Samurott|37/100
|
|-damage|p2a: Napoleon|19/100 brn|[from] brn
|upkeep
|turn|10
|
|t:|1781227094
|move|p1a: Samurott|Ceaseless Edge|p2a: Napoleon
|-damage|p2a: Napoleon|0 fnt
|-sidestart|p2: Phantasmagorica|Spikes
|faint|p2a: Napoleon
|
|upkeep
|
|t:|1781227096
|switch|p2a: Cool Jeff|Great Tusk|21/100
|-damage|p2a: Cool Jeff|0 fnt|[from] Spikes
|faint|p2a: Cool Jeff
|-end|p2a: Cool Jeff|Protosynthesis|[silent]
|
|t:|1781227100
|switch|p2a: America|Dragapult, F|100/100
|turn|11
|
|t:|1781227108
|switch|p1a: Mew|Mew|100/100
|move|p2a: America|U-turn|p1a: Mew
|-supereffective|p1a: Mew
|-damage|p1a: Mew|73/100
|
|t:|1781227111
|switch|p2a: Samurai|Kingambit, M|100/100|[from] U-turn
|-damage|p2a: Samurai|76/100|[from] Spikes
|-activate|p2a: Samurai|ability: Supreme Overlord
|-start|p2a: Samurai|fallen3|[silent]
|
|upkeep
|turn|12
|
|t:|1781227124
|-terastallize|p1a: Mew|Ice
|move|p2a: Samurai|Kowtow Cleave|p1a: Mew
|-damage|p1a: Mew|13/100
|-damage|p2a: Samurai|66/100|[from] item: Life Orb
|move|p1a: Mew|Roar|p2a: Samurai
|-end|p2a: Samurai|fallen3|[silent]
|drag|p2a: Wet dream|Hoopa-Unbound|74/100
|-damage|p2a: Wet dream|49/100|[from] Spikes
|
|upkeep
|turn|13
|
|t:|1781227145
|move|p1a: Mew|Future Sight|p2a: Wet dream
|-start|p1a: Mew|move: Future Sight
|move|p2a: Wet dream|Drain Punch|p1a: Mew
|-supereffective|p1a: Mew
|-damage|p1a: Mew|0 fnt
|-heal|p2a: Wet dream|56/100|[from] drain|[of] p1a: Mew
|faint|p1a: Mew
|
|upkeep
|
|t:|1781227150
|switch|p1a: Rillaboom|Rillaboom, F|100/100
|-fieldstart|move: Grassy Terrain|[from] ability: Grassy Surge|[of] p1a: Rillaboom
|turn|14
|
|t:|1781227156
|-terastallize|p2a: Wet dream|Poison
|move|p1a: Rillaboom|U-turn|p2a: Wet dream
|-resisted|p2a: Wet dream
|-damage|p2a: Wet dream|34/100
|
|t:|1781227165
|switch|p1a: Dragapult|Dragapult, M|12/100|[from] U-turn
|move|p2a: Wet dream|Knock Off|p1a: Dragapult
|-supereffective|p1a: Dragapult
|-damage|p1a: Dragapult|0 fnt
|-enditem|p1a: Dragapult|Weakness Policy|[from] move: Knock Off|[of] p2a: Wet dream
|faint|p1a: Dragapult
|
|-heal|p2a: Wet dream|40/100|[from] Grassy Terrain
|upkeep
|
|t:|1781227175
|switch|p1a: Regieleki|Regieleki|100/100
|turn|15
|
|t:|1781227179
|move|p1a: Regieleki|Thunderbolt|p2a: Wet dream
|-damage|p2a: Wet dream|1/100
|move|p2a: Wet dream|Knock Off|p1a: Regieleki
|-damage|p1a: Regieleki|7/100
|-enditem|p1a: Regieleki|Choice Specs|[from] move: Knock Off|[of] p2a: Wet dream
|
|-end|p2a: Wet dream|move: Future Sight
|-supereffective|p2a: Wet dream
|-damage|p2a: Wet dream|0 fnt
|faint|p2a: Wet dream
|-heal|p1a: Regieleki|13/100|[from] Grassy Terrain
|upkeep
|
|t:|1781227191
|switch|p2a: America|Dragapult, F|100/100
|turn|16
|
|t:|1781227199
|move|p1a: Regieleki|Thunderbolt|p2a: America
|-resisted|p2a: America
|-crit|p2a: America
|-damage|p2a: America|40/100
|move|p2a: America|Dragon Darts|p1a: Regieleki
|-damage|p1a: Regieleki|0 fnt
|faint|p1a: Regieleki
|
|-heal|p2a: America|46/100|[from] Grassy Terrain
|upkeep
|
|t:|1781227204
|switch|p1a: Rillaboom|Rillaboom, F|100/100
|turn|17
|
|t:|1781227212
|move|p2a: America|U-turn|p1a: Rillaboom
|-supereffective|p1a: Rillaboom
|-damage|p1a: Rillaboom|62/100
|
|t:|1781227214
|switch|p2a: Samurai|Kingambit, M|66/100|[from] U-turn
|-damage|p2a: Samurai|41/100|[from] Spikes
|-activate|p2a: Samurai|ability: Supreme Overlord
|-start|p2a: Samurai|fallen4|[silent]
|move|p1a: Rillaboom|Wood Hammer|p2a: Samurai
|-resisted|p2a: Samurai
|-damage|p2a: Samurai|0 fnt
|faint|p2a: Samurai
|-end|p2a: Samurai|fallen4|[silent]
|-damage|p1a: Rillaboom|51/100|[from] Recoil
|
|-heal|p1a: Rillaboom|57/100|[from] Grassy Terrain
|upkeep
|
|t:|1781227216
|switch|p2a: America|Dragapult, F|46/100
|turn|18
|
|t:|1781227223
|move|p2a: America|Dragon Darts|p1a: Rillaboom
|-damage|p1a: Rillaboom|37/100
|-anim|p2a: America|Dragon Darts|p1a: Rillaboom
|-damage|p1a: Rillaboom|18/100
|move|p1a: Rillaboom|Wood Hammer|p2a: America
|-resisted|p2a: America
|-damage|p2a: America|0 fnt
|faint|p2a: America
|-damage|p1a: Rillaboom|6/100|[from] Recoil
|
|win|aaagislash
|raw|aaagislash's rating: 1486 &rarr; <strong>1508</strong><br />(+22 for winning)
|raw|Phantasmagorica's rating: 1524 &rarr; <strong>1502</strong><br />(-22 for losing)
|l|☆Phantasmagorica
|player|p2|
|l|‽aaagislash
|player|p1|
