|j|☆blueisnoob
|j|☆CoolMeDownB
|t:|1781587494
|gametype|singles
|player|p1|blueisnoob|101|1554
|player|p2|CoolMeDownB|crasherwake|1599
|gen|9
|tier|[Gen 9] OU
|rated|
|rule|HP Percentage Mod: HP is shown in percentages
|rule|Endless Battle Clause: Forcing endless battles is banned
|rule|Species Clause: Limit one of each Pokémon
|rule|OHKO Clause: OHKO moves are banned
|rule|Evasion Items Clause: Evasion items are banned
|rule|Evasion Moves Clause: Evasion moves are banned
|rule|Evasion Abilities Clause: Evasion abilities are banned
|rule|Sleep Moves Clause: Sleep-inducing moves are banned
|clearpoke
|poke|p1|Zamazenta-*|
|poke|p1|Ogerpon-Wellspring, F|
|poke|p1|Slowking-Galar, M|
|poke|p1|Great Tusk|
|poke|p1|Kingambit, M|
|poke|p1|Zapdos|
|poke|p2|Samurott-Hisui, M|
|poke|p2|Pelipper, F|
|poke|p2|Basculegion-F, F|
|poke|p2|Great Tusk|
|poke|p2|Kingambit, F|
|poke|p2|Slowking-Galar, F|
|teampreview
|inactive|Battle timer is ON: inactive players will automatically lose when time's up. (requested by blueisnoob)
|c|☆CoolMeDownB|gl
|
|t:|1781587519
|teamsize|p1|6
|teamsize|p2|6
|start
|switch|p1a: Zapdos|Zapdos|100/100
|switch|p2a: big head|Slowking-Galar, F, shiny|100/100
|turn|1
|
|t:|1781587546
|move|p1a: Zapdos|Thunder Wave|p2a: big head|[miss]
|-miss|p1a: Zapdos|p2a: big head
|move|p2a: big head|Sludge Bomb|p1a: Zapdos
|-damage|p1a: Zapdos|66/100
|-status|p1a: Zapdos|psn
|
|-damage|p1a: Zapdos|54/100 psn|[from] psn
|upkeep
|turn|2
|
|t:|1781587564
|move|p1a: Zapdos|Roost|p1a: Zapdos
|-heal|p1a: Zapdos|100/100 psn
|-singleturn|p1a: Zapdos|move: Roost
|move|p2a: big head|Future Sight|p1a: Zapdos
|-start|p2a: big head|move: Future Sight
|
|-damage|p1a: Zapdos|88/100 psn|[from] psn
|upkeep
|turn|3
|
|t:|1781587572
|switch|p2a: big guy|Great Tusk, shiny|100/100
|move|p1a: Zapdos|Thunder Wave|p2a: big guy
|-immune|p2a: big guy
|
|-damage|p1a: Zapdos|76/100 psn|[from] psn
|upkeep
|turn|4
|
|t:|1781587581
|-end|p2a: big guy|Protosynthesis|[silent]
|switch|p2a: big head|Slowking-Galar, F, shiny|100/100
|move|p1a: Zapdos|Hurricane|p2a: big head|[miss]
|-miss|p1a: Zapdos|p2a: big head
|
|-end|p1a: Zapdos|move: Future Sight
|-damage|p1a: Zapdos|32/100 psn
|-damage|p1a: Zapdos|20/100 psn|[from] psn
|upkeep
|turn|5
|
|t:|1781587590
|move|p1a: Zapdos|Roost|p1a: Zapdos
|-heal|p1a: Zapdos|70/100 psn
|-singleturn|p1a: Zapdos|move: Roost
|move|p2a: big head|Eerie Spell|p1a: Zapdos
|-crit|p1a: Zapdos
|-damage|p1a: Zapdos|25/100 psn
|-activate|p1a: Zapdos|move: Eerie Spell|Roost|3
|
|-damage|p1a: Zapdos|13/100 psn|[from] psn
|upkeep
|turn|6
|
|t:|1781587599
|move|p1a: Zapdos|Roost|p1a: Zapdos
|-heal|p1a: Zapdos|63/100 psn
|-singleturn|p1a: Zapdos|move: Roost
|move|p2a: big head|Eerie Spell|p1a: Zapdos
|-damage|p1a: Zapdos|33/100 psn
|-activate|p1a: Zapdos|move: Eerie Spell|Roost|2
|
|-damage|p1a: Zapdos|21/100 psn|[from] psn
|upkeep
|turn|7
|
|t:|1781587605
|move|p1a: Zapdos|Thunder Wave|p2a: big head
|-status|p2a: big head|par
|cant|p2a: big head|par
|
|-damage|p1a: Zapdos|8/100 psn|[from] psn
|upkeep
|turn|8
|
|t:|1781587618
|move|p1a: Zapdos|Volt Switch|p2a: big head
|-damage|p2a: big head|88/100 par
|
|t:|1781587621
|switch|p1a: Kingambit|Kingambit, M|100/100|[from] Volt Switch
|cant|p2a: big head|par
|
|upkeep
|turn|9
|
|t:|1781587624
|switch|p2a: best mon|Samurott-Hisui, M, shiny|100/100
|move|p1a: Kingambit|Swords Dance|p1a: Kingambit
|-boost|p1a: Kingambit|atk|2
|
|upkeep
|turn|10
|
|t:|1781587633
|-terastallize|p1a: Kingambit|Ghost
|move|p2a: best mon|Razor Shell|p1a: Kingambit
|-damage|p1a: Kingambit|70/100
|move|p1a: Kingambit|Low Kick|p2a: best mon
|-supereffective|p2a: best mon
|-damage|p2a: best mon|4/100
|-damage|p1a: Kingambit|53/100|[from] item: Rocky Helmet|[of] p2a: best mon
|
|-heal|p1a: Kingambit|59/100|[from] item: Leftovers
|upkeep
|turn|11
|
|t:|1781587642
|move|p1a: Kingambit|Sucker Punch||[still]
|-fail|p1a: Kingambit
|move|p2a: best mon|Rest|p2a: best mon
|-status|p2a: best mon|slp|[from] move: Rest
|-heal|p2a: best mon|100/100 slp|[silent]
|
|-heal|p1a: Kingambit|65/100|[from] item: Leftovers
|upkeep
|turn|12
|
|t:|1781587646
|cant|p2a: best mon|slp
|move|p2a: best mon|Sleep Talk|p2a: best mon
|move|p2a: best mon|Rest||[from] move: Sleep Talk|[still]
|-fail|p2a: best mon
|move|p1a: Kingambit|Low Kick|p2a: best mon
|-supereffective|p2a: best mon
|-damage|p2a: best mon|0 fnt
|-damage|p1a: Kingambit|49/100|[from] item: Rocky Helmet|[of] p2a: best mon
|faint|p2a: best mon
|
|-heal|p1a: Kingambit|55/100|[from] item: Leftovers
|upkeep
|
|t:|1781587653
|switch|p2a: big guy|Great Tusk, shiny|100/100
|turn|13
|
|t:|1781587657
|move|p2a: big guy|Knock Off|p1a: Kingambit
|-supereffective|p1a: Kingambit
|-damage|p1a: Kingambit|5/100
|-enditem|p1a: Kingambit|Leftovers|[from] move: Knock Off|[of] p2a: big guy
|move|p1a: Kingambit|Low Kick|p2a: big guy
|-crit|p2a: big guy
|-damage|p2a: big guy|13/100
|
|upkeep
|turn|14
|
|t:|1781587669
|-end|p2a: big guy|Protosynthesis|[silent]
|switch|p2a: brb sacking 5|Kingambit, F, shiny|100/100
|-activate|p2a: brb sacking 5|ability: Supreme Overlord
|-start|p2a: brb sacking 5|fallen1|[silent]
|move|p1a: Kingambit|Kowtow Cleave|p2a: brb sacking 5
|-resisted|p2a: brb sacking 5
|-damage|p2a: brb sacking 5|65/100
|
|upkeep
|turn|15
|
|t:|1781587671
|move|p1a: Kingambit|Sucker Punch|p2a: brb sacking 5
|-resisted|p2a: brb sacking 5
|-damage|p2a: brb sacking 5|36/100
|move|p2a: brb sacking 5|Sucker Punch||[still]
|-fail|p2a: brb sacking 5
|
|upkeep
|turn|16
|
|t:|1781587676
|move|p1a: Kingambit|Sucker Punch|p2a: brb sacking 5
|-resisted|p2a: brb sacking 5
|-damage|p2a: brb sacking 5|7/100
|move|p2a: brb sacking 5|Kowtow Cleave|p1a: Kingambit
|-supereffective|p1a: Kingambit
|-damage|p1a: Kingambit|0 fnt
|faint|p1a: Kingambit
|-end|p1a: Kingambit|fallenundefined|[silent]
|
|upkeep
|
|t:|1781587682
|switch|p1a: Zamazenta|Zamazenta|100/100
|-ability|p1a: Zamazenta|Dauntless Shield|boost
|-boost|p1a: Zamazenta|def|1
|turn|17
|
|t:|1781587687
|-end|p2a: brb sacking 5|fallen1|[silent]
|switch|p2a: the drizzler|Pelipper, F|100/100
|-weather|RainDance|[from] ability: Drizzle|[of] p2a: the drizzler
|move|p1a: Zamazenta|Crunch|p2a: the drizzler
|-damage|p2a: the drizzler|80/100
|
|-weather|RainDance|[upkeep]
|upkeep
|turn|18
|
|t:|1781587695
|switch|p1a: Slowking|Slowking-Galar, M|100/100
|move|p2a: the drizzler|U-turn|p1a: Slowking
|-damage|p1a: Slowking|92/100
|
|t:|1781587701
|switch|p2a: brb sacking 5|Kingambit, F, shiny|7/100|[from] U-turn
|-activate|p2a: brb sacking 5|ability: Supreme Overlord
|-start|p2a: brb sacking 5|fallen1|[silent]
|
|-weather|RainDance|[upkeep]
|upkeep
|turn|19
|
|t:|1781587705
|switch|p1a: Zapdos|Zapdos|8/100 psn
|move|p2a: brb sacking 5|Kowtow Cleave|p1a: Zapdos
|-damage|p1a: Zapdos|0 fnt
|-status|p2a: brb sacking 5|par|[from] ability: Static|[of] p1a: Zapdos
|faint|p1a: Zapdos
|
|-weather|RainDance|[upkeep]
|upkeep
|
|t:|1781587710
|switch|p1a: Great Tusk|Great Tusk, shiny|100/100
|turn|20
|
|t:|1781587715
|-end|p2a: brb sacking 5|fallen1|[silent]
|switch|p2a: death fish|Basculegion-F, F|100/100
|move|p1a: Great Tusk|Stealth Rock|p2a: death fish
|-sidestart|p2: CoolMeDownB|move: Stealth Rock
|
|-weather|RainDance|[upkeep]
|upkeep
|turn|21
|
|t:|1781587726
|-end|p1a: Great Tusk|Protosynthesis|[silent]
|switch|p1a: Slowking|Slowking-Galar, M|100/100
|move|p2a: death fish|Ice Beam|p1a: Slowking
|-damage|p1a: Slowking|86/100
|
|-weather|RainDance|[upkeep]
|upkeep
|turn|22
|
|t:|1781587731
|move|p2a: death fish|Substitute|p2a: death fish
|-start|p2a: death fish|Substitute
|-damage|p2a: death fish|76/100
|move|p1a: Slowking|Flamethrower|p2a: death fish
|-resisted|p2a: death fish
|-activate|p2a: death fish|move: Substitute|[damage]
|
|-weather|RainDance|[upkeep]
|upkeep
|turn|23
|
|t:|1781587734
|move|p2a: death fish|Ice Beam|p1a: Slowking
|-damage|p1a: Slowking|73/100
|move|p1a: Slowking|Psyshock|p2a: death fish
|-end|p2a: death fish|Substitute
|
|-weather|RainDance|[upkeep]
|upkeep
|turn|24
|
|t:|1781587741
|move|p2a: death fish|Surf|p1a: Slowking
|-damage|p1a: Slowking|35/100
|move|p1a: Slowking|Flamethrower|p2a: death fish
|-resisted|p2a: death fish
|-damage|p2a: death fish|67/100
|
|-weather|none
|upkeep
|turn|25
|
|t:|1781587748
|move|p2a: death fish|Surf|p1a: Slowking
|-damage|p1a: Slowking|10/100
|move|p1a: Slowking|Psyshock|p2a: death fish
|-damage|p2a: death fish|16/100
|
|upkeep
|turn|26
|
|t:|1781587757
|switch|p1a: Ogerpon|Ogerpon-Wellspring, F|100/100
|move|p2a: death fish|Ice Beam|p1a: Ogerpon
|-damage|p1a: Ogerpon|67/100
|
|upkeep
|turn|27
|
|t:|1781587769
|switch|p2a: big head|Slowking-Galar, F, shiny|100/100 par
|-damage|p2a: big head|88/100 par|[from] Stealth Rock
|move|p1a: Ogerpon|Knock Off|p2a: big head
|-supereffective|p2a: big head
|-damage|p2a: big head|18/100 par
|-enditem|p2a: big head|Assault Vest|[from] move: Knock Off|[of] p1a: Ogerpon
|
|upkeep
|turn|28
|
|t:|1781587772
|move|p1a: Ogerpon|Knock Off|p2a: big head
|-supereffective|p2a: big head
|-damage|p2a: big head|0 fnt
|faint|p2a: big head
|
|upkeep
|
|t:|1781587774
|switch|p2a: the drizzler|Pelipper, F|80/100
|-damage|p2a: the drizzler|56/100|[from] Stealth Rock
|-weather|RainDance|[from] ability: Drizzle|[of] p2a: the drizzler
|turn|29
|
|t:|1781587779
|switch|p1a: Slowking|Slowking-Galar, M|43/100
|move|p2a: the drizzler|Hurricane|p1a: Slowking
|-damage|p1a: Slowking|25/100
|
|-weather|RainDance|[upkeep]
|upkeep
|turn|30
|
|t:|1781587790
|move|p2a: the drizzler|Surf|p1a: Slowking
|-damage|p1a: Slowking|3/100
|move|p1a: Slowking|Sludge Bomb|p2a: the drizzler
|-damage|p2a: the drizzler|0 fnt
|faint|p2a: the drizzler
|
|-weather|RainDance|[upkeep]
|upkeep
|
|t:|1781587795
|switch|p2a: death fish|Basculegion-F, F|16/100
|-damage|p2a: death fish|3/100|[from] Stealth Rock
|turn|31
|
|t:|1781587800
|move|p2a: death fish|Ice Beam|p1a: Slowking
|-damage|p1a: Slowking|0 fnt
|faint|p1a: Slowking
|
|-weather|RainDance|[upkeep]
|upkeep
|
|t:|1781587807
|switch|p1a: Zamazenta|Zamazenta|100/100
|turn|32
|
|t:|1781587813
|-terastallize|p2a: death fish|Water
|move|p2a: death fish|Surf|p1a: Zamazenta
|-damage|p1a: Zamazenta|12/100
|move|p1a: Zamazenta|Crunch|p2a: death fish
|-damage|p2a: death fish|0 fnt
|faint|p2a: death fish
|
|-weather|RainDance|[upkeep]
|upkeep
|
|t:|1781587817
|switch|p2a: brb sacking 5|Kingambit, F, shiny|7/100 par
|-activate|p2a: brb sacking 5|ability: Supreme Overlord
|-start|p2a: brb sacking 5|fallen4|[silent]
|turn|33
|
|t:|1781587820
|move|p2a: brb sacking 5|Sucker Punch|p1a: Zamazenta
|-resisted|p1a: Zamazenta
|-damage|p1a: Zamazenta|0 fnt
|faint|p1a: Zamazenta
|
|-weather|RainDance|[upkeep]
|upkeep
|
|t:|1781587825
|switch|p1a: Great Tusk|Great Tusk, shiny|100/100
|turn|34
|c|☆CoolMeDownB|gg
|-message|CoolMeDownB forfeited.
|
|win|blueisnoob
|raw|blueisnoob's rating: 1554 &rarr; <strong>1577</strong><br />(+23 for winning)
|raw|CoolMeDownB's rating: 1599 &rarr; <strong>1576</strong><br />(-23 for losing)
|l|☆CoolMeDownB
|player|p2|
