|j|☆jd2sleepy
|j|☆KurisuChestnutOU
|t:|1781180494
|gametype|singles
|player|p1|jd2sleepy|blackbelt-gen4dp|1571
|player|p2|KurisuChestnutOU|may-contest|1635
|gen|9
|tier|[Gen 9] OU
|rated|
|rule|HP Percentage Mod: HP is shown in percentages
|rule|Endless Battle Clause: Forcing endless battles is banned
|rule|Species Clause: Limit one of each Pokémon
|rule|OHKO Clause: OHKO moves are banned
|rule|Evasion Items Clause: Evasion items are banned
|rule|Evasion Moves Clause: Evasion moves are banned
|rule|Evasion Abilities Clause: Evasion abilities are banned
|rule|Sleep Moves Clause: Sleep-inducing moves are banned
|clearpoke
|poke|p1|Pelipper, M|
|poke|p1|Greninja-*, M|
|poke|p1|Overqwil, F|
|poke|p1|Raging Bolt|
|poke|p1|Iron Treads|
|poke|p1|Kingambit, F|
|poke|p2|Zamazenta-*|
|poke|p2|Zapdos|
|poke|p2|Garganacl, F|
|poke|p2|Clefable, M|
|poke|p2|Samurott-Hisui, M|
|poke|p2|Gholdengo|
|teampreview
|
|t:|1781180509
|teamsize|p1|6
|teamsize|p2|6
|start
|switch|p1a: Drizzy|Pelipper, M|100/100
|switch|p2a: Garganacl|Garganacl, F|100/100
|-weather|RainDance|[from] ability: Drizzle|[of] p1a: Drizzy
|turn|1
|inactive|Battle timer is ON: inactive players will automatically lose when time's up. (requested by KurisuChestnutOU)
|
|t:|1781180514
|-terastallize|p2a: Garganacl|Water
|move|p1a: Drizzy|U-turn|p2a: Garganacl
|-damage|p2a: Garganacl|94/100
|
|t:|1781180519
|switch|p1a: Tready Way|Iron Treads|100/100|[from] U-turn
|-enditem|p1a: Tready Way|Booster Energy
|-activate|p1a: Tready Way|ability: Quark Drive|[fromitem]
|-start|p1a: Tready Way|quarkdrivespe
|move|p2a: Garganacl|Stealth Rock|p1a: Tready Way
|-sidestart|p1: jd2sleepy|move: Stealth Rock
|
|-weather|RainDance|[upkeep]
|-heal|p2a: Garganacl|100/100|[from] item: Leftovers
|upkeep
|turn|2
|
|t:|1781180524
|move|p1a: Tready Way|Stealth Rock|p2a: Garganacl
|-sidestart|p2: KurisuChestnutOU|move: Stealth Rock
|move|p2a: Garganacl|Salt Cure|p1a: Tready Way
|-resisted|p1a: Tready Way
|-damage|p1a: Tready Way|97/100
|-start|p1a: Tready Way|Salt Cure
|
|-weather|RainDance|[upkeep]
|-damage|p1a: Tready Way|72/100|[from] Salt Cure
|upkeep
|turn|3
|
|t:|1781180535
|-end|p1a: Tready Way|Quark Drive|[silent]
|switch|p1a: Rage N Furious|Raging Bolt|100/100
|-damage|p1a: Rage N Furious|88/100|[from] Stealth Rock
|-enditem|p1a: Rage N Furious|Booster Energy
|-activate|p1a: Rage N Furious|ability: Protosynthesis|[fromitem]
|-start|p1a: Rage N Furious|protosynthesisspa
|move|p2a: Garganacl|Earthquake|p1a: Rage N Furious
|-supereffective|p1a: Rage N Furious
|-damage|p1a: Rage N Furious|52/100
|
|-weather|RainDance|[upkeep]
|upkeep
|turn|4
|
|t:|1781180541
|move|p1a: Rage N Furious|Thunder|p2a: Garganacl
|-supereffective|p2a: Garganacl
|-damage|p2a: Garganacl|0 fnt
|faint|p2a: Garganacl
|
|-weather|RainDance|[upkeep]
|upkeep
|
|t:|1781180546
|switch|p2a: Gholdengo|Gholdengo|100/100
|-damage|p2a: Gholdengo|94/100|[from] Stealth Rock
|turn|5
|
|t:|1781180551
|move|p2a: Gholdengo|Dazzling Gleam|p1a: Rage N Furious
|-supereffective|p1a: Rage N Furious
|-damage|p1a: Rage N Furious|2/100
|move|p1a: Rage N Furious|Thunder|p2a: Gholdengo
|-damage|p2a: Gholdengo|0 fnt
|faint|p2a: Gholdengo
|
|-weather|RainDance|[upkeep]
|upkeep
|
|t:|1781180558
|switch|p2a: Zamazenta|Zamazenta|100/100
|-damage|p2a: Zamazenta|94/100|[from] Stealth Rock
|-ability|p2a: Zamazenta|Dauntless Shield|boost
|-boost|p2a: Zamazenta|def|1
|turn|6
|
|t:|1781180562
|move|p1a: Rage N Furious|Thunderclap|p2a: Zamazenta
|-damage|p2a: Zamazenta|55/100
|move|p2a: Zamazenta|Body Press|p1a: Rage N Furious
|-damage|p1a: Rage N Furious|0 fnt
|faint|p1a: Rage N Furious
|-end|p1a: Rage N Furious|Protosynthesis|[silent]
|
|-weather|RainDance|[upkeep]
|-heal|p2a: Zamazenta|61/100|[from] item: Leftovers
|upkeep
|
|t:|1781180578
|switch|p1a: Drizzy|Pelipper, M|100/100
|-damage|p1a: Drizzy|75/100|[from] Stealth Rock
|turn|7
|
|t:|1781180583
|move|p2a: Zamazenta|Body Press|p1a: Drizzy
|-resisted|p1a: Drizzy
|-damage|p1a: Drizzy|50/100
|move|p1a: Drizzy|Surf|p2a: Zamazenta
|-damage|p2a: Zamazenta|27/100
|
|-weather|RainDance|[upkeep]
|-heal|p2a: Zamazenta|33/100|[from] item: Leftovers
|upkeep
|turn|8
|
|t:|1781180590
|move|p2a: Zamazenta|Body Press|p1a: Drizzy
|-resisted|p1a: Drizzy
|-damage|p1a: Drizzy|26/100
|move|p1a: Drizzy|Hurricane|p2a: Zamazenta
|-supereffective|p2a: Zamazenta
|-damage|p2a: Zamazenta|0 fnt
|faint|p2a: Zamazenta
|
|-weather|none
|upkeep
|
|t:|1781180595
|switch|p2a: Samurott|Samurott-Hisui, M|100/100
|-damage|p2a: Samurott|88/100|[from] Stealth Rock
|turn|9
|
|t:|1781180602
|move|p2a: Samurott|Ceaseless Edge|p1a: Drizzy
|-damage|p1a: Drizzy|0 fnt
|-sidestart|p1: jd2sleepy|Spikes
|faint|p1a: Drizzy
|
|upkeep
|
|t:|1781180605
|switch|p1a: Tready Way|Iron Treads|72/100
|-damage|p1a: Tready Way|69/100|[from] Stealth Rock
|-damage|p1a: Tready Way|57/100|[from] Spikes
|turn|10
|
|t:|1781180610
|move|p2a: Samurott|Ceaseless Edge|p1a: Tready Way
|-damage|p1a: Tready Way|20/100
|-sidestart|p1: jd2sleepy|Spikes
|move|p1a: Tready Way|Rapid Spin|p2a: Samurott
|-damage|p2a: Samurott|66/100
|-boost|p1a: Tready Way|spe|1
|-sideend|p1: jd2sleepy|Spikes|[from] move: Rapid Spin|[of] p1a: Tready Way
|-sideend|p1: jd2sleepy|Stealth Rock|[from] move: Rapid Spin|[of] p1a: Tready Way
|
|upkeep
|turn|11
|
|t:|1781180614
|move|p1a: Tready Way|Earthquake|p2a: Samurott
|-damage|p2a: Samurott|3/100
|move|p2a: Samurott|Ceaseless Edge|p1a: Tready Way
|-damage|p1a: Tready Way|0 fnt
|-sidestart|p1: jd2sleepy|Spikes
|faint|p1a: Tready Way
|-end|p1a: Tready Way|Quark Drive|[silent]
|
|upkeep
|
|t:|1781180621
|switch|p1a: Atomic Samurai|Kingambit, F|100/100
|-damage|p1a: Atomic Samurai|88/100|[from] Spikes
|-activate|p1a: Atomic Samurai|ability: Supreme Overlord
|-start|p1a: Atomic Samurai|fallen3|[silent]
|turn|12
|
|t:|1781180626
|move|p2a: Samurott|Ceaseless Edge|p1a: Atomic Samurai
|-resisted|p1a: Atomic Samurai
|-damage|p1a: Atomic Samurai|71/100
|-sidestart|p1: jd2sleepy|Spikes
|move|p1a: Atomic Samurai|Swords Dance|p1a: Atomic Samurai
|-boost|p1a: Atomic Samurai|atk|2
|
|upkeep
|turn|13
|
|t:|1781180632
|move|p1a: Atomic Samurai|Sucker Punch|p2a: Samurott
|-resisted|p2a: Samurott
|-damage|p2a: Samurott|0 fnt
|faint|p2a: Samurott
|
|upkeep
|
|t:|1781180640
|switch|p2a: Clefable|Clefable, M|100/100
|turn|14
|
|t:|1781180644
|switch|p2a: Zapdos|Zapdos|100/100
|move|p1a: Atomic Samurai|Iron Head|p2a: Zapdos
|-resisted|p2a: Zapdos
|-damage|p2a: Zapdos|56/100
|-status|p1a: Atomic Samurai|par|[from] ability: Static|[of] p2a: Zapdos
|-enditem|p1a: Atomic Samurai|Lum Berry|[eat]
|-curestatus|p1a: Atomic Samurai|par|[msg]
|
|upkeep
|turn|15
|
|t:|1781180650
|move|p2a: Zapdos|Roost|p2a: Zapdos
|-heal|p2a: Zapdos|100/100
|-singleturn|p2a: Zapdos|move: Roost
|move|p1a: Atomic Samurai|Low Kick|p2a: Zapdos
|-damage|p2a: Zapdos|39/100
|
|upkeep
|turn|16
|
|t:|1781180654
|move|p2a: Zapdos|Roost|p2a: Zapdos
|-heal|p2a: Zapdos|90/100
|-singleturn|p2a: Zapdos|move: Roost
|move|p1a: Atomic Samurai|Low Kick|p2a: Zapdos
|-damage|p2a: Zapdos|34/100
|
|upkeep
|turn|17
|
|t:|1781180658
|move|p2a: Zapdos|Roost|p2a: Zapdos
|-heal|p2a: Zapdos|84/100
|-singleturn|p2a: Zapdos|move: Roost
|move|p1a: Atomic Samurai|Low Kick|p2a: Zapdos
|-damage|p2a: Zapdos|25/100
|
|upkeep
|turn|18
|
|t:|1781180665
|move|p2a: Zapdos|Roost|p2a: Zapdos
|-heal|p2a: Zapdos|75/100
|-singleturn|p2a: Zapdos|move: Roost
|move|p1a: Atomic Samurai|Low Kick|p2a: Zapdos
|-damage|p2a: Zapdos|14/100
|
|upkeep
|turn|19
|
|t:|1781180670
|move|p2a: Zapdos|Roost|p2a: Zapdos
|-heal|p2a: Zapdos|64/100
|-singleturn|p2a: Zapdos|move: Roost
|move|p1a: Atomic Samurai|Low Kick|p2a: Zapdos
|-damage|p2a: Zapdos|4/100
|
|upkeep
|turn|20
|
|t:|1781180676
|move|p2a: Zapdos|Hurricane|p1a: Atomic Samurai
|-resisted|p1a: Atomic Samurai
|-damage|p1a: Atomic Samurai|44/100
|move|p1a: Atomic Samurai|Low Kick|p2a: Zapdos
|-resisted|p2a: Zapdos
|-damage|p2a: Zapdos|0 fnt
|-status|p1a: Atomic Samurai|par|[from] ability: Static|[of] p2a: Zapdos
|faint|p2a: Zapdos
|
|upkeep
|
|t:|1781180683
|switch|p2a: Clefable|Clefable, M|100/100
|turn|21
|
|t:|1781180686
|move|p2a: Clefable|Moonblast|p1a: Atomic Samurai
|-damage|p1a: Atomic Samurai|8/100 par
|-unboost|p1a: Atomic Samurai|spa|1
|move|p1a: Atomic Samurai|Iron Head|p2a: Clefable
|-supereffective|p2a: Clefable
|-damage|p2a: Clefable|2/100
|
|upkeep
|turn|22
|
|t:|1781180694
|move|p2a: Clefable|Moonlight|p2a: Clefable
|-heal|p2a: Clefable|52/100
|move|p1a: Atomic Samurai|Iron Head|p2a: Clefable
|-supereffective|p2a: Clefable
|-damage|p2a: Clefable|0 fnt
|faint|p2a: Clefable
|
|win|jd2sleepy
|raw|jd2sleepy's rating: 1571 &rarr; <strong>1593</strong><br />(+22 for winning)
|raw|KurisuChestnutOU's rating: 1608 &rarr; <strong>1586</strong><br />(-22 for losing)
