|j|‽LT_Alt1
|j|☆stevstacks
|t:|1780889432
|gametype|singles
|player|p1|LT_Alt1|265|1795
|player|p2|stevstacks|169|1742
|gen|9
|tier|[Gen 9] OU
|rated|
|rule|HP Percentage Mod: HP is shown in percentages
|rule|Endless Battle Clause: Forcing endless battles is banned
|rule|Species Clause: Limit one of each Pokémon
|rule|OHKO Clause: OHKO moves are banned
|rule|Evasion Items Clause: Evasion items are banned
|rule|Evasion Moves Clause: Evasion moves are banned
|rule|Evasion Abilities Clause: Evasion abilities are banned
|rule|Sleep Moves Clause: Sleep-inducing moves are banned
|clearpoke
|poke|p1|Darkrai|
|poke|p1|Slowking-Galar, F|
|poke|p1|Gholdengo|
|poke|p1|Iron Treads|
|poke|p1|Raging Bolt|
|poke|p1|Gliscor, F|
|poke|p2|Torkoal, F|
|poke|p2|Corviknight, M|
|poke|p2|Walking Wake|
|poke|p2|Dragonite, M|
|poke|p2|Great Tusk|
|poke|p2|Raging Bolt|
|teampreview
|inactive|Battle timer is ON: inactive players will automatically lose when time's up. (requested by stevstacks)
|
|t:|1780889447
|teamsize|p1|6
|teamsize|p2|6
|start
|switch|p1a: Gliscor|Gliscor, F|100/100
|switch|p2a: Great Tusk|Great Tusk, shiny|100/100
|turn|1
|
|t:|1780889451
|move|p1a: Gliscor|Protect|p1a: Gliscor
|-singleturn|p1a: Gliscor|Protect
|move|p2a: Great Tusk|Ice Spinner|p1a: Gliscor
|-activate|p1a: Gliscor|move: Protect
|
|-status|p1a: Gliscor|tox|[from] item: Toxic Orb
|upkeep
|turn|2
|
|t:|1780889456
|-terastallize|p1a: Gliscor|Water
|move|p2a: Great Tusk|Ice Spinner|p1a: Gliscor
|-resisted|p1a: Gliscor
|-damage|p1a: Gliscor|87/100 tox
|-damage|p2a: Great Tusk|91/100|[from] item: Life Orb
|move|p1a: Gliscor|Toxic|p2a: Great Tusk
|-status|p2a: Great Tusk|tox
|
|-damage|p2a: Great Tusk|84/100 tox|[from] psn
|-heal|p1a: Gliscor|99/100 tox|[from] ability: Poison Heal
|upkeep
|turn|3
|j| nelsoNJ
|
|t:|1780889467
|-end|p2a: Great Tusk|Protosynthesis|[silent]
|switch|p2a: Corviknight|Corviknight, M, shiny|100/100
|-ability|p2a: Corviknight|Pressure
|move|p1a: Gliscor|Spikes|p2a: Corviknight
|-sidestart|p2: stevstacks|Spikes
|
|-heal|p1a: Gliscor|100/100 tox|[from] ability: Poison Heal
|upkeep
|turn|4
|
|t:|1780889471
|move|p1a: Gliscor|Spikes|p2a: Corviknight
|-sidestart|p2: stevstacks|Spikes
|move|p2a: Corviknight|U-turn|p1a: Gliscor
|-damage|p1a: Gliscor|89/100 tox
|
|t:|1780889473
|switch|p2a: Raging Bolt|Raging Bolt|100/100|[from] U-turn
|-damage|p2a: Raging Bolt|84/100|[from] Spikes
|
|-heal|p1a: Gliscor|100/100 tox|[from] ability: Poison Heal
|upkeep
|turn|5
|
|t:|1780889483
|-end|p2a: Raging Bolt|Protosynthesis|[silent]
|switch|p2a: Dragonite|Dragonite, M, shiny|100/100
|move|p1a: Gliscor|Protect||[still]
|-fail|p1a: Gliscor
|
|upkeep
|turn|6
|
|t:|1780889488
|move|p2a: Dragonite|Encore|p1a: Gliscor
|-start|p1a: Gliscor|Encore
|move|p1a: Gliscor|Protect||[still]
|-fail|p1a: Gliscor
|
|upkeep
|turn|7
|
|t:|1780889492
|switch|p1a: Gholdengo|Gholdengo|100/100
|move|p2a: Dragonite|Dragon Dance|p2a: Dragonite
|-boost|p2a: Dragonite|atk|1
|-boost|p2a: Dragonite|spe|1
|
|upkeep
|turn|8
|
|t:|1780889497
|switch|p2a: Torkoal|Torkoal, F, shiny|100/100
|-damage|p2a: Torkoal|84/100|[from] Spikes
|-weather|SunnyDay|[from] ability: Drought|[of] p2a: Torkoal
|move|p1a: Gholdengo|Trick|p2a: Torkoal
|-activate|p1a: Gholdengo|move: Trick|[of] p2a: Torkoal
|-item|p2a: Torkoal|Choice Scarf|[from] move: Trick
|-item|p1a: Gholdengo|Heat Rock|[from] move: Trick
|
|-weather|SunnyDay|[upkeep]
|upkeep
|turn|9
|
|t:|1780889505
|move|p1a: Gholdengo|Shadow Ball|p2a: Torkoal
|-damage|p2a: Torkoal|48/100
|move|p2a: Torkoal|Overheat|p1a: Gholdengo
|-supereffective|p1a: Gholdengo
|-damage|p1a: Gholdengo|0 fnt
|-unboost|p2a: Torkoal|spa|2
|faint|p1a: Gholdengo
|
|-weather|SunnyDay|[upkeep]
|upkeep
|
|t:|1780889514
|switch|p1a: Raging Bolt|Raging Bolt|100/100
|-activate|p1a: Raging Bolt|ability: Protosynthesis
|-start|p1a: Raging Bolt|protosynthesisspa
|turn|10
|
|t:|1780889520
|switch|p2a: Corviknight|Corviknight, M, shiny|100/100
|-ability|p2a: Corviknight|Pressure
|move|p1a: Raging Bolt|Thunderbolt|p2a: Corviknight
|-supereffective|p2a: Corviknight
|-damage|p2a: Corviknight|14/100
|
|-weather|SunnyDay|[upkeep]
|-heal|p2a: Corviknight|21/100|[from] item: Leftovers
|upkeep
|turn|11
|
|t:|1780889528
|move|p1a: Raging Bolt|Draco Meteor|p2a: Corviknight
|-resisted|p2a: Corviknight
|-damage|p2a: Corviknight|0 fnt
|-unboost|p1a: Raging Bolt|spa|2
|faint|p2a: Corviknight
|
|-weather|SunnyDay|[upkeep]
|upkeep
|
|t:|1780889533
|switch|p2a: Dragonite|Dragonite, M, shiny|100/100
|turn|12
|
|t:|1780889538
|-end|p1a: Raging Bolt|Protosynthesis|[silent]
|switch|p1a: Gliscor|Gliscor, F, tera:Water|100/100 tox
|move|p2a: Dragonite|Dragon Dance|p2a: Dragonite
|-boost|p2a: Dragonite|atk|1
|-boost|p2a: Dragonite|spe|1
|
|-weather|SunnyDay|[upkeep]
|upkeep
|turn|13
|
|t:|1780889542
|switch|p2a: Great Tusk|Great Tusk, shiny|84/100 tox
|-damage|p2a: Great Tusk|68/100 tox|[from] Spikes
|-activate|p2a: Great Tusk|ability: Protosynthesis
|-start|p2a: Great Tusk|protosynthesisatk
|move|p1a: Gliscor|Toxic|p2a: Great Tusk
|-fail|p2a: Great Tusk|tox
|
|-weather|SunnyDay|[upkeep]
|-damage|p2a: Great Tusk|62/100 tox|[from] psn
|upkeep
|turn|14
|
|t:|1780889545
|move|p1a: Gliscor|Protect|p1a: Gliscor
|-singleturn|p1a: Gliscor|Protect
|move|p2a: Great Tusk|Headlong Rush|p1a: Gliscor
|-activate|p1a: Gliscor|move: Protect
|
|-weather|SunnyDay|[upkeep]
|-damage|p2a: Great Tusk|49/100 tox|[from] psn
|upkeep
|turn|15
|
|t:|1780889548
|move|p2a: Great Tusk|Headlong Rush|p1a: Gliscor
|-damage|p1a: Gliscor|16/100 tox
|-unboost|p2a: Great Tusk|def|1
|-unboost|p2a: Great Tusk|spd|1
|-damage|p2a: Great Tusk|39/100 tox|[from] item: Life Orb
|move|p1a: Gliscor|Spikes|p2a: Great Tusk
|-sidestart|p2: stevstacks|Spikes
|
|-weather|none
|-end|p2a: Great Tusk|Protosynthesis
|-damage|p2a: Great Tusk|21/100 tox|[from] psn
|-heal|p1a: Gliscor|29/100 tox|[from] ability: Poison Heal
|upkeep
|turn|16
|
|t:|1780889554
|move|p1a: Gliscor|Protect|p1a: Gliscor
|-singleturn|p1a: Gliscor|Protect
|move|p2a: Great Tusk|Headlong Rush|p1a: Gliscor
|-activate|p1a: Gliscor|move: Protect
|
|-damage|p2a: Great Tusk|0 fnt|[from] psn
|faint|p2a: Great Tusk
|-end|p2a: Great Tusk|Protosynthesis|[silent]
|-heal|p1a: Gliscor|41/100 tox|[from] ability: Poison Heal
|upkeep
|
|t:|1780889557
|switch|p2a: Dragonite|Dragonite, M, shiny|100/100
|turn|17
|
|t:|1780889564
|switch|p1a: Slowking|Slowking-Galar, F|100/100
|move|p2a: Dragonite|Dragon Dance|p2a: Dragonite
|-boost|p2a: Dragonite|atk|1
|-boost|p2a: Dragonite|spe|1
|
|upkeep
|turn|18
|
|t:|1780889568
|move|p2a: Dragonite|Scale Shot|p1a: Slowking
|-damage|p1a: Slowking|81/100
|-damage|p1a: Slowking|61/100
|-damage|p1a: Slowking|41/100
|-damage|p1a: Slowking|20/100
|-damage|p1a: Slowking|0 fnt
|faint|p1a: Slowking
|-hitcount|p1: Slowking|5
|-unboost|p2a: Dragonite|def|1
|-boost|p2a: Dragonite|spe|1
|
|upkeep
|
|t:|1780889575
|switch|p1a: Gliscor|Gliscor, F, tera:Water|41/100 tox
|turn|19
|
|t:|1780889578
|move|p2a: Dragonite|Scale Shot|p1a: Gliscor
|-damage|p1a: Gliscor|25/100 tox
|-damage|p1a: Gliscor|8/100 tox
|-damage|p1a: Gliscor|0 fnt
|faint|p1a: Gliscor
|-hitcount|p1: Gliscor|3
|-unboost|p2a: Dragonite|def|1
|-boost|p2a: Dragonite|spe|1
|
|upkeep
|-message|LT_Alt1 forfeited.
|
|win|stevstacks
|raw|LT_Alt1's rating: 1795 &rarr; <strong>1772</strong><br />(-23 for losing)
|raw|stevstacks's rating: 1742 &rarr; <strong>1765</strong><br />(+23 for winning)
|l|‽LT_Alt1
|player|p1|
|l|☆stevstacks
|player|p2|
|l| nelsoNJ
