|j|☆rockeater9000
|j|☆merlin sword
|t:|1781369724
|gametype|singles
|player|p1|rockeater9000|2|1600
|player|p2|merlin sword|hiker-gen4|1532
|gen|9
|tier|[Gen 9] OU
|rated|
|rule|HP Percentage Mod: HP is shown in percentages
|rule|Endless Battle Clause: Forcing endless battles is banned
|rule|Species Clause: Limit one of each Pokémon
|rule|OHKO Clause: OHKO moves are banned
|rule|Evasion Items Clause: Evasion items are banned
|rule|Evasion Moves Clause: Evasion moves are banned
|rule|Evasion Abilities Clause: Evasion abilities are banned
|rule|Sleep Moves Clause: Sleep-inducing moves are banned
|clearpoke
|poke|p1|Greninja-*, M|
|poke|p1|Glimmora, M|
|poke|p1|Garchomp, M|
|poke|p1|Iron Valiant|
|poke|p1|Kingambit, F|
|poke|p1|Ceruledge, M|
|poke|p2|Dragonite, F|
|poke|p2|Hatterene, F|
|poke|p2|Weavile, M|
|poke|p2|Ogerpon-Wellspring, F|
|poke|p2|Kingambit, M|
|poke|p2|Great Tusk|
|teampreview
|inactive|Battle timer is ON: inactive players will automatically lose when time's up. (requested by rockeater9000)
|
|t:|1781369745
|teamsize|p1|6
|teamsize|p2|6
|start
|switch|p1a: Glimmora|Glimmora, M|100/100
|switch|p2a: Weavile|Weavile, M|100/100
|turn|1
|
|t:|1781369747
|move|p2a: Weavile|Beat Up|p1a: Glimmora
|-damage|p1a: Glimmora|90/100
|-activate|p1a: Glimmora|ability: Toxic Debris
|-sidestart|p2: merlin sword|move: Toxic Spikes
|-damage|p1a: Glimmora|81/100
|-activate|p1a: Glimmora|ability: Toxic Debris
|-sidestart|p2: merlin sword|move: Toxic Spikes
|-damage|p1a: Glimmora|69/100
|-damage|p1a: Glimmora|58/100
|-damage|p1a: Glimmora|46/100
|-damage|p1a: Glimmora|36/100
|-hitcount|p1a: Glimmora|6
|move|p1a: Glimmora|Meteor Beam||[still]
|-prepare|p1a: Glimmora|Meteor Beam
|-boost|p1a: Glimmora|spa|1
|-enditem|p1a: Glimmora|Power Herb
|-anim|p1a: Glimmora|Meteor Beam|p2a: Weavile
|-supereffective|p2a: Weavile
|-enditem|p2a: Weavile|Focus Sash
|-damage|p2a: Weavile|1/100
|
|upkeep
|turn|2
|
|t:|1781369763
|move|p2a: Weavile|Beat Up|p1a: Glimmora
|-damage|p1a: Glimmora|25/100
|-damage|p1a: Glimmora|16/100
|-damage|p1a: Glimmora|6/100
|-damage|p1a: Glimmora|0 fnt
|faint|p1a: Glimmora
|-hitcount|p1: Glimmora|4
|
|upkeep
|
|t:|1781369764
|switch|p1a: Greninja|Greninja, M|100/100
|turn|3
|
|t:|1781369771
|switch|p2a: Ogerpon|Ogerpon-Wellspring, F|100/100
|-status|p2a: Ogerpon|tox
|move|p1a: Greninja|Water Shuriken|p2a: Ogerpon
|-immune|p2a: Ogerpon|[from] ability: Water Absorb
|
|-damage|p2a: Ogerpon|95/100 tox|[from] psn
|upkeep
|turn|4
|
|t:|1781369778
|switch|p1a: Garchomp|Garchomp, M|100/100
|move|p2a: Ogerpon|Power Whip|p1a: Garchomp|[miss]
|-miss|p2a: Ogerpon|p1a: Garchomp
|
|-damage|p2a: Ogerpon|83/100 tox|[from] psn
|upkeep
|turn|5
|
|t:|1781369782
|switch|p2a: Great Tusk|Great Tusk|100/100
|-status|p2a: Great Tusk|tox
|move|p1a: Garchomp|Scale Shot|p2a: Great Tusk
|-damage|p2a: Great Tusk|91/100 tox
|-damage|p2a: Great Tusk|80/100 tox
|-damage|p2a: Great Tusk|69/100 tox
|-damage|p2a: Great Tusk|58/100 tox
|-hitcount|p2a: Great Tusk|4
|-unboost|p1a: Garchomp|def|1
|-boost|p1a: Garchomp|spe|1
|
|-damage|p2a: Great Tusk|52/100 tox|[from] psn
|upkeep
|turn|6
|
|t:|1781369789
|switch|p1a: Greninja|Greninja, M|100/100
|move|p2a: Great Tusk|Ice Spinner|p1a: Greninja
|-resisted|p1a: Greninja
|-damage|p1a: Greninja|77/100
|
|-damage|p2a: Great Tusk|40/100 tox|[from] psn
|upkeep
|turn|7
|
|t:|1781369796
|move|p1a: Greninja|Ice Beam|p2a: Great Tusk
|-supereffective|p2a: Great Tusk
|-damage|p2a: Great Tusk|0 fnt
|faint|p2a: Great Tusk
|-end|p2a: Great Tusk|Protosynthesis|[silent]
|-ability|p1a: Greninja|Battle Bond|boost
|-boost|p1a: Greninja|atk|1
|-boost|p1a: Greninja|spa|1
|-boost|p1a: Greninja|spe|1
|-activate|p1a: Greninja|ability: Battle Bond
|-damage|p1a: Greninja|67/100|[from] item: Life Orb
|
|upkeep
|
|t:|1781369804
|switch|p2a: Ogerpon|Ogerpon-Wellspring, F|83/100 tox
|turn|8
|
|t:|1781369808
|move|p1a: Greninja|Dark Pulse|p2a: Ogerpon
|-damage|p2a: Ogerpon|0 fnt
|faint|p2a: Ogerpon
|-damage|p1a: Greninja|57/100|[from] item: Life Orb
|
|upkeep
|
|t:|1781369814
|switch|p2a: Kingambit|Kingambit, M|100/100
|-activate|p2a: Kingambit|ability: Supreme Overlord
|-start|p2a: Kingambit|fallen2|[silent]
|turn|9
|
|t:|1781369821
|move|p1a: Greninja|Surf|p2a: Kingambit
|-damage|p2a: Kingambit|15/100
|-damage|p1a: Greninja|47/100|[from] item: Life Orb
|move|p2a: Kingambit|Kowtow Cleave|p1a: Greninja
|-resisted|p1a: Greninja
|-damage|p1a: Greninja|0 fnt
|faint|p1a: Greninja
|
|upkeep
|
|t:|1781369831
|switch|p1a: Garchomp|Garchomp, M|100/100
|turn|10
|
|t:|1781369834
|move|p2a: Kingambit|Sucker Punch|p1a: Garchomp
|-damage|p1a: Garchomp|54/100
|-damage|p2a: Kingambit|3/100|[from] ability: Rough Skin|[of] p1a: Garchomp
|move|p1a: Garchomp|Scale Shot|p2a: Kingambit
|-resisted|p2a: Kingambit
|-damage|p2a: Kingambit|0 fnt
|faint|p2a: Kingambit
|-end|p2a: Kingambit|fallen2|[silent]
|-hitcount|p2: Kingambit|1
|-unboost|p1a: Garchomp|def|1
|-boost|p1a: Garchomp|spe|1
|
|upkeep
|
|t:|1781369843
|switch|p2a: Hatterene|Hatterene, F|100/100
|-status|p2a: Hatterene|tox
|turn|11
|
|t:|1781369850
|move|p1a: Garchomp|Earthquake|p2a: Hatterene
|-damage|p2a: Hatterene|53/100 tox
|move|p2a: Hatterene|Psychic Noise|p1a: Garchomp
|-damage|p1a: Garchomp|20/100
|-start|p1a: Garchomp|move: Heal Block
|
|-damage|p2a: Hatterene|47/100 tox|[from] psn
|upkeep
|turn|12
|
|t:|1781369854
|move|p1a: Garchomp|Earthquake|p2a: Hatterene
|-damage|p2a: Hatterene|0 fnt
|faint|p2a: Hatterene
|
|-end|p1a: Garchomp|move: Heal Block
|upkeep
|
|t:|1781369857
|switch|p2a: Dragonite|Dragonite, F|100/100
|turn|13
|
|t:|1781369863
|-terastallize|p2a: Dragonite|Ghost
|move|p1a: Garchomp|Scale Shot|p2a: Dragonite
|-damage|p2a: Dragonite|93/100
|-damage|p2a: Dragonite|78/100
|-damage|p2a: Dragonite|61/100
|-damage|p2a: Dragonite|44/100
|-hitcount|p2a: Dragonite|4
|-unboost|p1a: Garchomp|def|1
|-boost|p1a: Garchomp|spe|1
|move|p2a: Dragonite|Ice Spinner|p1a: Garchomp
|-supereffective|p1a: Garchomp
|-damage|p1a: Garchomp|0 fnt
|-damage|p2a: Dragonite|31/100|[from] ability: Rough Skin|[of] p1a: Garchomp
|faint|p1a: Garchomp
|
|-heal|p2a: Dragonite|38/100|[from] item: Leftovers
|upkeep
|-message|merlin sword forfeited.
|
|win|rockeater9000
|raw|rockeater9000's rating: 1600 &rarr; <strong>1616</strong><br />(+16 for winning)
|raw|merlin sword's rating: 1532 &rarr; <strong>1516</strong><br />(-16 for losing)
|l|☆merlin sword
|player|p2|
|l|☆rockeater9000
|player|p1|
