|j|☆Archerdadon
|j|☆thebambi1234
|t:|1781201571
|gametype|singles
|player|p1|Archerdadon|marshal|1581
|player|p2|thebambi1234|blackbelt-gen4dp|1691
|gen|9
|tier|[Gen 9] OU
|rated|
|rule|HP Percentage Mod: HP is shown in percentages
|rule|Endless Battle Clause: Forcing endless battles is banned
|rule|Species Clause: Limit one of each Pokémon
|rule|OHKO Clause: OHKO moves are banned
|rule|Evasion Items Clause: Evasion items are banned
|rule|Evasion Moves Clause: Evasion moves are banned
|rule|Evasion Abilities Clause: Evasion abilities are banned
|rule|Sleep Moves Clause: Sleep-inducing moves are banned
|clearpoke
|poke|p1|Dondozo, F|
|poke|p1|Great Tusk|
|poke|p1|Samurott-Hisui, F|
|poke|p1|Ting-Lu|
|poke|p1|Hydrapple, M|
|poke|p1|Gholdengo|
|poke|p2|Gliscor, M|
|poke|p2|Corviknight, M|
|poke|p2|Dondozo, M|
|poke|p2|Blissey, F|
|poke|p2|Weezing-Galar, F|
|poke|p2|Garganacl, F|
|teampreview
|inactive|Battle timer is ON: inactive players will automatically lose when time's up. (requested by thebambi1234)
|
|t:|1781201590
|teamsize|p1|6
|teamsize|p2|6
|start
|switch|p1a: Samurott|Samurott-Hisui, F|100/100
|switch|p2a: Weezing|Weezing-Galar, F|100/100
|-ability|p2a: Weezing|Neutralizing Gas
|turn|1
|
|t:|1781201596
|move|p1a: Samurott|Drill Run|p2a: Weezing
|-supereffective|p2a: Weezing
|-damage|p2a: Weezing|58/100
|move|p2a: Weezing|Will-O-Wisp|p1a: Samurott
|-status|p1a: Samurott|brn
|
|-damage|p1a: Samurott|94/100 brn|[from] brn
|upkeep
|turn|2
|j| Golem Rising
|
|t:|1781201603
|switch|p1a: Ting-Lu|Ting-Lu|100/100
|move|p2a: Weezing|Pain Split|p1a: Ting-Lu
|-sethp|p1a: Ting-Lu|69/100|[from] move: Pain Split|[silent]
|-sethp|p2a: Weezing|100/100|[from] move: Pain Split
|
|-heal|p1a: Ting-Lu|75/100|[from] item: Leftovers
|upkeep
|turn|3
|
|t:|1781201609
|move|p2a: Weezing|Will-O-Wisp|p1a: Ting-Lu
|-status|p1a: Ting-Lu|brn
|move|p1a: Ting-Lu|Stealth Rock|p2a: Weezing
|-sidestart|p2: thebambi1234|move: Stealth Rock
|
|-heal|p1a: Ting-Lu|82/100 brn|[from] item: Leftovers
|-damage|p1a: Ting-Lu|75/100 brn|[from] brn
|upkeep
|turn|4
|
|t:|1781201612
|switch|p1a: Samurott|Samurott-Hisui, F|94/100 brn
|move|p2a: Weezing|Defog|p1a: Samurott
|-unboost|p1a: Samurott|evasion|1
|-sideend|p2: thebambi1234|Stealth Rock|[from] move: Defog|[of] p2a: Weezing
|
|-damage|p1a: Samurott|88/100 brn|[from] brn
|upkeep
|turn|5
|
|t:|1781201618
|switch|p1a: Gholdengo|Gholdengo|100/100
|-end|p2a: Weezing|ability: Neutralizing Gas
|switch|p2a: Corviknight|Corviknight, M|100/100
|-ability|p2a: Corviknight|Pressure
|
|upkeep
|turn|6
|
|t:|1781201625
|move|p1a: Gholdengo|Nasty Plot|p1a: Gholdengo
|-boost|p1a: Gholdengo|spa|2
|move|p2a: Corviknight|U-turn|p1a: Gholdengo
|-resisted|p1a: Gholdengo
|-damage|p1a: Gholdengo|97/100
|
|t:|1781201647
|switch|p2a: Blissey|Blissey, F|100/100|[from] U-turn
|
|-heal|p1a: Gholdengo|100/100|[from] item: Leftovers
|upkeep
|turn|7
|
|t:|1781201664
|move|p1a: Gholdengo|Make It Rain|p2a: Blissey
|-damage|p2a: Blissey|62/100
|-unboost|p1a: Gholdengo|spa|1
|move|p2a: Blissey|Flamethrower|p1a: Gholdengo
|-supereffective|p1a: Gholdengo
|-damage|p1a: Gholdengo|67/100
|-status|p1a: Gholdengo|brn
|
|-heal|p1a: Gholdengo|73/100 brn|[from] item: Leftovers
|-heal|p2a: Blissey|68/100|[from] item: Leftovers
|-damage|p1a: Gholdengo|67/100 brn|[from] brn
|upkeep
|turn|8
|
|t:|1781201669
|move|p1a: Gholdengo|Nasty Plot|p1a: Gholdengo
|-boost|p1a: Gholdengo|spa|2
|move|p2a: Blissey|Flamethrower|p1a: Gholdengo
|-supereffective|p1a: Gholdengo
|-damage|p1a: Gholdengo|34/100 brn
|
|-heal|p1a: Gholdengo|40/100 brn|[from] item: Leftovers
|-heal|p2a: Blissey|74/100|[from] item: Leftovers
|-damage|p1a: Gholdengo|34/100 brn|[from] brn
|upkeep
|turn|9
|
|t:|1781201674
|move|p1a: Gholdengo|Recover|p1a: Gholdengo
|-heal|p1a: Gholdengo|84/100 brn
|move|p2a: Blissey|Flamethrower|p1a: Gholdengo
|-supereffective|p1a: Gholdengo
|-damage|p1a: Gholdengo|55/100 brn
|
|-heal|p1a: Gholdengo|61/100 brn|[from] item: Leftovers
|-heal|p2a: Blissey|80/100|[from] item: Leftovers
|-damage|p1a: Gholdengo|55/100 brn|[from] brn
|upkeep
|turn|10
|
|t:|1781201679
|-terastallize|p1a: Gholdengo|Flying
|move|p1a: Gholdengo|Nasty Plot|p1a: Gholdengo
|-boost|p1a: Gholdengo|spa|2
|move|p2a: Blissey|Flamethrower|p1a: Gholdengo
|-damage|p1a: Gholdengo|40/100 brn
|
|-heal|p1a: Gholdengo|46/100 brn|[from] item: Leftovers
|-heal|p2a: Blissey|86/100|[from] item: Leftovers
|-damage|p1a: Gholdengo|40/100 brn|[from] brn
|upkeep
|turn|11
|
|t:|1781201684
|move|p1a: Gholdengo|Recover|p1a: Gholdengo
|-heal|p1a: Gholdengo|90/100 brn
|move|p2a: Blissey|Soft-Boiled|p2a: Blissey
|-heal|p2a: Blissey|100/100
|
|-heal|p1a: Gholdengo|96/100 brn|[from] item: Leftovers
|-damage|p1a: Gholdengo|90/100 brn|[from] brn
|upkeep
|turn|12
|
|t:|1781201694
|move|p1a: Gholdengo|Make It Rain|p2a: Blissey
|-damage|p2a: Blissey|29/100
|-unboost|p1a: Gholdengo|spa|1
|move|p2a: Blissey|Seismic Toss|p1a: Gholdengo
|-damage|p1a: Gholdengo|63/100 brn
|
|-heal|p1a: Gholdengo|70/100 brn|[from] item: Leftovers
|-heal|p2a: Blissey|35/100|[from] item: Leftovers
|-damage|p1a: Gholdengo|63/100 brn|[from] brn
|upkeep
|turn|13
|
|t:|1781201697
|switch|p2a: Corviknight|Corviknight, M|100/100
|-ability|p2a: Corviknight|Pressure
|move|p1a: Gholdengo|Make It Rain|p2a: Corviknight
|-resisted|p2a: Corviknight
|-damage|p2a: Corviknight|0 fnt
|-unboost|p1a: Gholdengo|spa|1
|faint|p2a: Corviknight
|
|-heal|p1a: Gholdengo|70/100 brn|[from] item: Leftovers
|-damage|p1a: Gholdengo|63/100 brn|[from] brn
|upkeep
|
|t:|1781201708
|switch|p2a: Dondozo|Dondozo, M|100/100
|turn|14
|
|t:|1781201711
|move|p1a: Gholdengo|Shadow Ball|p2a: Dondozo
|-damage|p2a: Dondozo|57/100
|move|p2a: Dondozo|Waterfall|p1a: Gholdengo
|-damage|p1a: Gholdengo|38/100 brn
|
|-heal|p1a: Gholdengo|44/100 brn|[from] item: Leftovers
|-heal|p2a: Dondozo|63/100|[from] item: Leftovers
|-damage|p1a: Gholdengo|38/100 brn|[from] brn
|upkeep
|turn|15
|
|t:|1781201717
|move|p1a: Gholdengo|Recover|p1a: Gholdengo
|-heal|p1a: Gholdengo|88/100 brn
|move|p2a: Dondozo|Waterfall|p1a: Gholdengo
|-damage|p1a: Gholdengo|60/100 brn
|
|-heal|p1a: Gholdengo|66/100 brn|[from] item: Leftovers
|-heal|p2a: Dondozo|69/100|[from] item: Leftovers
|-damage|p1a: Gholdengo|60/100 brn|[from] brn
|upkeep
|turn|16
|
|t:|1781201721
|switch|p2a: Blissey|Blissey, F|35/100
|move|p1a: Gholdengo|Nasty Plot|p1a: Gholdengo
|-boost|p1a: Gholdengo|spa|2
|
|-heal|p1a: Gholdengo|66/100 brn|[from] item: Leftovers
|-heal|p2a: Blissey|41/100|[from] item: Leftovers
|-damage|p1a: Gholdengo|60/100 brn|[from] brn
|upkeep
|turn|17
|
|t:|1781201731
|switch|p2a: Weezing|Weezing-Galar, F|100/100
|-ability|p2a: Weezing|Neutralizing Gas
|move|p1a: Gholdengo|Make It Rain|p2a: Weezing
|-supereffective|p2a: Weezing
|-damage|p2a: Weezing|0 fnt
|-unboost|p1a: Gholdengo|spa|1
|faint|p2a: Weezing
|-end|p2a: Weezing|ability: Neutralizing Gas
|
|-heal|p1a: Gholdengo|66/100 brn|[from] item: Leftovers
|-damage|p1a: Gholdengo|60/100 brn|[from] brn
|upkeep
|
|t:|1781201734
|switch|p2a: Dondozo|Dondozo, M|69/100
|turn|18
|
|t:|1781201746
|move|p1a: Gholdengo|Recover|p1a: Gholdengo
|-heal|p1a: Gholdengo|100/100 brn
|move|p2a: Dondozo|Waterfall|p1a: Gholdengo
|-damage|p1a: Gholdengo|76/100 brn
|
|-heal|p1a: Gholdengo|83/100 brn|[from] item: Leftovers
|-heal|p2a: Dondozo|75/100|[from] item: Leftovers
|-damage|p1a: Gholdengo|76/100 brn|[from] brn
|upkeep
|turn|19
|
|t:|1781201750
|move|p1a: Gholdengo|Nasty Plot|p1a: Gholdengo
|-boost|p1a: Gholdengo|spa|2
|move|p2a: Dondozo|Waterfall|p1a: Gholdengo
|-damage|p1a: Gholdengo|52/100 brn
|
|-heal|p1a: Gholdengo|58/100 brn|[from] item: Leftovers
|-heal|p2a: Dondozo|81/100|[from] item: Leftovers
|-damage|p1a: Gholdengo|52/100 brn|[from] brn
|upkeep
|turn|20
|
|t:|1781201755
|move|p1a: Gholdengo|Shadow Ball|p2a: Dondozo
|-damage|p2a: Dondozo|37/100
|move|p2a: Dondozo|Waterfall|p1a: Gholdengo
|-damage|p1a: Gholdengo|25/100 brn
|
|-heal|p1a: Gholdengo|31/100 brn|[from] item: Leftovers
|-heal|p2a: Dondozo|43/100|[from] item: Leftovers
|-damage|p1a: Gholdengo|25/100 brn|[from] brn
|upkeep
|turn|21
|
|t:|1781201761
|move|p1a: Gholdengo|Shadow Ball|p2a: Dondozo
|-damage|p2a: Dondozo|0 fnt
|faint|p2a: Dondozo
|
|-heal|p1a: Gholdengo|31/100 brn|[from] item: Leftovers
|-damage|p1a: Gholdengo|25/100 brn|[from] brn
|upkeep
|
|t:|1781201767
|switch|p2a: Gliscor|Gliscor, M, shiny|100/100
|turn|22
|
|t:|1781201770
|move|p2a: Gliscor|Knock Off|p1a: Gholdengo
|-damage|p1a: Gholdengo|5/100 brn
|-enditem|p1a: Gholdengo|Leftovers|[from] move: Knock Off|[of] p2a: Gliscor
|move|p1a: Gholdengo|Recover|p1a: Gholdengo
|-heal|p1a: Gholdengo|55/100 brn
|
|-damage|p1a: Gholdengo|49/100 brn|[from] brn
|-status|p2a: Gliscor|tox|[from] item: Toxic Orb
|upkeep
|turn|23
|
|t:|1781201775
|move|p2a: Gliscor|Knock Off|p1a: Gholdengo
|-damage|p1a: Gholdengo|34/100 brn
|move|p1a: Gholdengo|Shadow Ball|p2a: Gliscor
|-damage|p2a: Gliscor|0 fnt
|faint|p2a: Gliscor
|
|-damage|p1a: Gholdengo|28/100 brn|[from] brn
|upkeep
|-message|thebambi1234 forfeited.
|
|win|Archerdadon
|raw|Archerdadon's rating: 1581 &rarr; <strong>1607</strong><br />(+26 for winning)
|raw|thebambi1234's rating: 1691 &rarr; <strong>1665</strong><br />(-26 for losing)
|l|☆thebambi1234
|player|p2|
