|j|☆The real kurt tay
|j|☆tb poke
|t:|1781597505
|gametype|singles
|player|p1|The real kurt tay|101|1675
|player|p2|tb poke|266|1646
|gen|9
|tier|[Gen 9] OU
|rated|
|rule|HP Percentage Mod: HP is shown in percentages
|rule|Endless Battle Clause: Forcing endless battles is banned
|rule|Species Clause: Limit one of each Pokémon
|rule|OHKO Clause: OHKO moves are banned
|rule|Evasion Items Clause: Evasion items are banned
|rule|Evasion Moves Clause: Evasion moves are banned
|rule|Evasion Abilities Clause: Evasion abilities are banned
|rule|Sleep Moves Clause: Sleep-inducing moves are banned
|clearpoke
|poke|p1|Garganacl, M|
|poke|p1|Raging Bolt|
|poke|p1|Gliscor, M|
|poke|p1|Ceruledge, M|
|poke|p1|Gholdengo|
|poke|p1|Samurott-Hisui, M|
|poke|p2|Zamazenta-*|
|poke|p2|Iron Treads|
|poke|p2|Pecharunt|
|poke|p2|Tornadus-Therian, M|
|poke|p2|Hatterene, F|
|poke|p2|Alomomola, F|
|teampreview
|inactive|Battle timer is ON: inactive players will automatically lose when time's up. (requested by The real kurt tay)
|l|☆The real kurt tay
|inactive|The real kurt tay disconnected and has a minute to reconnect!
|player|p1|
|j|☆The real kurt tay
|inactive|The real kurt tay reconnected.
|player|p1|The real kurt tay|101|
|inactive|tb poke has 120 seconds left.
|
|t:|1781597555
|teamsize|p1|6
|teamsize|p2|6
|start
|switch|p1a: Samurott|Samurott-Hisui, M|100/100
|switch|p2a: Pecharunt|Pecharunt|100/100
|turn|1
|
|t:|1781597557
|move|p1a: Samurott|Ceaseless Edge|p2a: Pecharunt|[miss]
|-miss|p1a: Samurott|p2a: Pecharunt
|move|p2a: Pecharunt|Malignant Chain|p1a: Samurott
|-damage|p1a: Samurott|53/100
|-status|p1a: Samurott|tox
|-start|p1a: Samurott|confusion|[from] ability: Poison Puppeteer|[of] p2a: Pecharunt
|
|-damage|p1a: Samurott|46/100 tox|[from] psn
|upkeep
|turn|2
|
|t:|1781597566
|switch|p1a: Gliscor|Gliscor, M|100/100
|switch|p2a: Alomomola|Alomomola, F|100/100
|
|-status|p1a: Gliscor|tox|[from] item: Toxic Orb
|upkeep
|turn|3
|
|t:|1781597569
|move|p1a: Gliscor|Knock Off|p2a: Alomomola
|-damage|p2a: Alomomola|84/100
|-enditem|p2a: Alomomola|Assault Vest|[from] move: Knock Off|[of] p1a: Gliscor
|move|p2a: Alomomola|Flip Turn|p1a: Gliscor
|-supereffective|p1a: Gliscor
|-damage|p1a: Gliscor|70/100 tox
|
|t:|1781597576
|switch|p2a: Tornadus|Tornadus-Therian, M|100/100|[from] Flip Turn
|
|-heal|p1a: Gliscor|82/100 tox|[from] ability: Poison Heal
|upkeep
|turn|4
|
|t:|1781597579
|move|p1a: Gliscor|Protect|p1a: Gliscor
|-singleturn|p1a: Gliscor|Protect
|move|p2a: Tornadus|Nasty Plot|p2a: Tornadus
|-boost|p2a: Tornadus|spa|2
|
|-heal|p1a: Gliscor|95/100 tox|[from] ability: Poison Heal
|upkeep
|turn|5
|
|t:|1781597582
|switch|p1a: Raging Bolt|Raging Bolt|100/100
|move|p2a: Tornadus|Bleakwind Storm|p1a: Raging Bolt
|-resisted|p1a: Raging Bolt
|-damage|p1a: Raging Bolt|67/100
|-damage|p2a: Tornadus|91/100|[from] item: Life Orb
|
|upkeep
|turn|6
|
|t:|1781597584
|switch|p2a: Iron Treads|Iron Treads|100/100
|-item|p2a: Iron Treads|Air Balloon
|move|p1a: Raging Bolt|Thunderbolt|p2a: Iron Treads
|-immune|p2a: Iron Treads
|
|upkeep
|turn|7
|
|t:|1781597589
|-end|p1a: Raging Bolt|Protosynthesis|[silent]
|switch|p1a: Ceruledge|Ceruledge, M|100/100
|-item|p1a: Ceruledge|Air Balloon
|move|p2a: Iron Treads|Stealth Rock|p1a: Ceruledge
|-sidestart|p1: The real kurt tay|move: Stealth Rock
|
|upkeep
|turn|8
|
|t:|1781597601
|-end|p2a: Iron Treads|Quark Drive|[silent]
|switch|p2a: Zamazenta|Zamazenta|100/100
|-ability|p2a: Zamazenta|Dauntless Shield|boost
|-boost|p2a: Zamazenta|def|1
|move|p1a: Ceruledge|Bitter Blade|p2a: Zamazenta
|-damage|p2a: Zamazenta|77/100
|
|-heal|p2a: Zamazenta|84/100|[from] item: Leftovers
|upkeep
|turn|9
|
|t:|1781597606
|move|p2a: Zamazenta|Iron Defense|p2a: Zamazenta
|-boost|p2a: Zamazenta|def|2
|move|p1a: Ceruledge|Swords Dance|p1a: Ceruledge
|-boost|p1a: Ceruledge|atk|2
|
|-heal|p2a: Zamazenta|90/100|[from] item: Leftovers
|upkeep
|turn|10
|
|t:|1781597612
|move|p2a: Zamazenta|Crunch|p1a: Ceruledge
|-supereffective|p1a: Ceruledge
|-damage|p1a: Ceruledge|35/100
|-unboost|p1a: Ceruledge|def|1
|-ability|p1a: Ceruledge|Weak Armor|boost
|-unboost|p1a: Ceruledge|def|1
|-boost|p1a: Ceruledge|spe|2
|-enditem|p1a: Ceruledge|Air Balloon
|move|p1a: Ceruledge|Poltergeist|p2a: Zamazenta
|-activate|p2a: Zamazenta|move: Poltergeist|Leftovers
|-damage|p2a: Zamazenta|56/100
|
|-heal|p2a: Zamazenta|62/100|[from] item: Leftovers
|upkeep
|turn|11
|
|t:|1781597615
|move|p1a: Ceruledge|Destiny Bond|p1a: Ceruledge
|-singlemove|p1a: Ceruledge|Destiny Bond
|move|p2a: Zamazenta|Crunch|p1a: Ceruledge
|-supereffective|p1a: Ceruledge
|-damage|p1a: Ceruledge|0 fnt
|faint|p1a: Ceruledge
|-activate|p1a: Ceruledge|move: Destiny Bond
|faint|p2a: Zamazenta
|
|upkeep
|
|t:|1781597622
|switch|p2a: Iron Treads|Iron Treads|100/100
|switch|p1a: Samurott|Samurott-Hisui, M|46/100 tox
|-item|p2a: Iron Treads|Air Balloon
|-damage|p1a: Samurott|34/100 tox|[from] Stealth Rock
|turn|12
|
|t:|1781597630
|move|p2a: Iron Treads|Earthquake|p1a: Samurott
|-damage|p1a: Samurott|0 fnt
|faint|p1a: Samurott
|
|upkeep
|
|t:|1781597639
|switch|p1a: Gliscor|Gliscor, M|95/100 tox
|-damage|p1a: Gliscor|82/100 tox|[from] Stealth Rock
|turn|13
|
|t:|1781597644
|-end|p2a: Iron Treads|Quark Drive|[silent]
|switch|p2a: Hatterene|Hatterene, F|100/100
|move|p1a: Gliscor|Protect||[still]
|-fail|p1a: Gliscor
|
|-heal|p1a: Gliscor|95/100 tox|[from] ability: Poison Heal
|upkeep
|turn|14
|
|t:|1781597647
|move|p1a: Gliscor|Swords Dance|p1a: Gliscor
|-boost|p1a: Gliscor|atk|2
|move|p2a: Hatterene|Psychic Noise|p1a: Gliscor
|-damage|p1a: Gliscor|64/100 tox
|-start|p1a: Gliscor|move: Heal Block
|
|upkeep
|turn|15
|
|t:|1781597649
|move|p1a: Gliscor|Protect|p1a: Gliscor
|-singleturn|p1a: Gliscor|Protect
|move|p2a: Hatterene|Psychic Noise|p1a: Gliscor
|-activate|p1a: Gliscor|move: Protect
|
|-end|p1a: Gliscor|move: Heal Block
|upkeep
|turn|16
|
|t:|1781597653
|move|p1a: Gliscor|Earthquake|p2a: Hatterene
|-damage|p2a: Hatterene|44/100
|move|p2a: Hatterene|Psychic Noise|p1a: Gliscor
|-damage|p1a: Gliscor|31/100 tox
|-start|p1a: Gliscor|move: Heal Block
|
|upkeep
|turn|17
|
|t:|1781597656
|move|p1a: Gliscor|Earthquake|p2a: Hatterene
|-damage|p2a: Hatterene|0 fnt
|faint|p2a: Hatterene
|
|-end|p1a: Gliscor|move: Heal Block
|upkeep
|
|t:|1781597659
|switch|p2a: Tornadus|Tornadus-Therian, M|100/100
|turn|18
|
|t:|1781597662
|switch|p1a: Raging Bolt|Raging Bolt|67/100
|-damage|p1a: Raging Bolt|55/100|[from] Stealth Rock
|move|p2a: Tornadus|Bleakwind Storm|p1a: Raging Bolt
|-resisted|p1a: Raging Bolt
|-damage|p1a: Raging Bolt|38/100
|-damage|p2a: Tornadus|91/100|[from] item: Life Orb
|
|upkeep
|turn|19
|
|t:|1781597665
|switch|p2a: Iron Treads|Iron Treads|100/100
|-item|p2a: Iron Treads|Air Balloon
|move|p1a: Raging Bolt|Dragon Pulse|p2a: Iron Treads
|-resisted|p2a: Iron Treads
|-damage|p2a: Iron Treads|64/100
|-enditem|p2a: Iron Treads|Air Balloon
|
|upkeep
|turn|20
|
|t:|1781597682
|-end|p1a: Raging Bolt|Protosynthesis|[silent]
|switch|p1a: Gliscor|Gliscor, M|31/100 tox
|-damage|p1a: Gliscor|19/100 tox|[from] Stealth Rock
|move|p2a: Iron Treads|Knock Off|p1a: Gliscor
|-damage|p1a: Gliscor|0 fnt
|-enditem|p1a: Gliscor|Toxic Orb|[from] move: Knock Off|[of] p2a: Iron Treads
|faint|p1a: Gliscor
|
|upkeep
|
|t:|1781597688
|switch|p1a: Darius|Garganacl, M|100/100
|-damage|p1a: Darius|88/100|[from] Stealth Rock
|turn|21
|
|t:|1781597698
|-end|p2a: Iron Treads|Quark Drive|[silent]
|switch|p2a: Alomomola|Alomomola, F|100/100
|-terastallize|p1a: Darius|Fairy
|move|p1a: Darius|Salt Cure|p2a: Alomomola
|-damage|p2a: Alomomola|90/100
|-start|p2a: Alomomola|Salt Cure
|
|-heal|p1a: Darius|94/100|[from] item: Leftovers
|-damage|p2a: Alomomola|65/100|[from] Salt Cure
|upkeep
|turn|22
|
|t:|1781597702
|move|p2a: Alomomola|Flip Turn|p1a: Darius
|-damage|p1a: Darius|83/100
|
|t:|1781597704
|switch|p2a: Pecharunt|Pecharunt|100/100|[from] Flip Turn
|move|p1a: Darius|Salt Cure|p2a: Pecharunt
|-damage|p2a: Pecharunt|94/100
|-start|p2a: Pecharunt|Salt Cure
|
|-heal|p1a: Darius|89/100|[from] item: Leftovers
|-damage|p2a: Pecharunt|82/100|[from] Salt Cure
|upkeep
|turn|23
|
|t:|1781597712
|move|p2a: Pecharunt|Shadow Ball|p1a: Darius
|-damage|p1a: Darius|81/100
|move|p1a: Darius|Stealth Rock|p2a: Pecharunt
|-sidestart|p2: tb poke|move: Stealth Rock
|
|-heal|p1a: Darius|87/100|[from] item: Leftovers
|-damage|p2a: Pecharunt|69/100|[from] Salt Cure
|upkeep
|turn|24
|
|t:|1781597715
|move|p1a: Darius|Protect|p1a: Darius
|-singleturn|p1a: Darius|Protect
|move|p2a: Pecharunt|Malignant Chain|p1a: Darius
|-activate|p1a: Darius|move: Protect
|
|-heal|p1a: Darius|93/100|[from] item: Leftovers
|-damage|p2a: Pecharunt|57/100|[from] Salt Cure
|upkeep
|turn|25
|
|t:|1781597720
|switch|p1a: Gholdengo|Gholdengo|100/100
|-damage|p1a: Gholdengo|94/100|[from] Stealth Rock
|move|p2a: Pecharunt|Malignant Chain|p1a: Gholdengo
|-immune|p1a: Gholdengo
|
|-damage|p2a: Pecharunt|45/100|[from] Salt Cure
|upkeep
|turn|26
|
|t:|1781597722
|switch|p2a: Alomomola|Alomomola, F|98/100
|-damage|p2a: Alomomola|86/100|[from] Stealth Rock
|move|p1a: Gholdengo|Shadow Ball|p2a: Alomomola
|-crit|p2a: Alomomola
|-damage|p2a: Alomomola|42/100
|
|upkeep
|turn|27
|
|t:|1781597732
|switch|p1a: Darius|Garganacl, M, tera:Fairy|93/100
|-damage|p1a: Darius|81/100|[from] Stealth Rock
|move|p2a: Alomomola|Flip Turn|p1a: Darius
|-damage|p1a: Darius|70/100
|
|t:|1781597735
|switch|p2a: Tornadus|Tornadus-Therian, M|100/100|[from] Flip Turn
|-damage|p2a: Tornadus|76/100|[from] Stealth Rock
|
|-heal|p1a: Darius|76/100|[from] item: Leftovers
|upkeep
|turn|28
|
|t:|1781597739
|-terastallize|p2a: Tornadus|Fairy
|move|p2a: Tornadus|Nasty Plot|p2a: Tornadus
|-boost|p2a: Tornadus|spa|2
|move|p1a: Darius|Salt Cure|p2a: Tornadus
|-damage|p2a: Tornadus|57/100
|-start|p2a: Tornadus|Salt Cure
|
|-heal|p1a: Darius|83/100|[from] item: Leftovers
|-damage|p2a: Tornadus|45/100|[from] Salt Cure
|upkeep
|turn|29
|
|t:|1781597750
|move|p1a: Darius|Protect|p1a: Darius
|-singleturn|p1a: Darius|Protect
|move|p2a: Tornadus|Bleakwind Storm|p1a: Darius
|-activate|p1a: Darius|move: Protect
|
|-heal|p1a: Darius|89/100|[from] item: Leftovers
|-damage|p2a: Tornadus|33/100|[from] Salt Cure
|upkeep
|turn|30
|
|t:|1781597765
|move|p2a: Tornadus|Bleakwind Storm|p1a: Darius
|-damage|p1a: Darius|7/100
|-damage|p2a: Tornadus|23/100|[from] item: Life Orb
|move|p1a: Darius|Salt Cure|p2a: Tornadus
|-damage|p2a: Tornadus|4/100
|
|-heal|p1a: Darius|14/100|[from] item: Leftovers
|-damage|p2a: Tornadus|0 fnt|[from] Salt Cure
|faint|p2a: Tornadus
|upkeep
|
|t:|1781597771
|switch|p2a: Iron Treads|Iron Treads|64/100
|-damage|p2a: Iron Treads|61/100|[from] Stealth Rock
|turn|31
|
|t:|1781597776
|move|p1a: Darius|Protect|p1a: Darius
|-singleturn|p1a: Darius|Protect
|move|p2a: Iron Treads|Earthquake|p1a: Darius
|-activate|p1a: Darius|move: Protect
|
|-heal|p1a: Darius|20/100|[from] item: Leftovers
|upkeep
|turn|32
|
|t:|1781597784
|move|p2a: Iron Treads|Earthquake|p1a: Darius
|-crit|p1a: Darius
|-damage|p1a: Darius|0 fnt
|faint|p1a: Darius
|
|upkeep
|
|t:|1781597788
|switch|p1a: Gholdengo|Gholdengo|94/100
|-damage|p1a: Gholdengo|88/100|[from] Stealth Rock
|turn|33
|
|t:|1781597790
|-end|p2a: Iron Treads|Quark Drive|[silent]
|switch|p2a: Pecharunt|Pecharunt|45/100
|move|p1a: Gholdengo|Shadow Ball|p2a: Pecharunt
|-supereffective|p2a: Pecharunt
|-damage|p2a: Pecharunt|0 fnt
|faint|p2a: Pecharunt
|
|upkeep
|
|t:|1781597792
|switch|p2a: Alomomola|Alomomola, F|75/100
|-damage|p2a: Alomomola|63/100|[from] Stealth Rock
|turn|34
|
|t:|1781597794
|move|p1a: Gholdengo|Shadow Ball|p2a: Alomomola
|-damage|p2a: Alomomola|32/100
|move|p2a: Alomomola|Flip Turn|p1a: Gholdengo
|-damage|p1a: Gholdengo|69/100
|
|t:|1781597798
|switch|p2a: Iron Treads|Iron Treads|61/100|[from] Flip Turn
|-damage|p2a: Iron Treads|58/100|[from] Stealth Rock
|
|upkeep
|turn|35
|
|t:|1781597803
|move|p1a: Gholdengo|Shadow Ball|p2a: Iron Treads
|-damage|p2a: Iron Treads|0 fnt
|faint|p2a: Iron Treads
|-end|p2a: Iron Treads|Quark Drive|[silent]
|
|upkeep
|
|t:|1781597805
|switch|p2a: Alomomola|Alomomola, F|66/100
|-damage|p2a: Alomomola|53/100|[from] Stealth Rock
|turn|36
|
|t:|1781597808
|move|p1a: Gholdengo|Shadow Ball|p2a: Alomomola
|-crit|p2a: Alomomola
|-damage|p2a: Alomomola|3/100
|move|p2a: Alomomola|Mirror Coat|p1a: Gholdengo
|-damage|p1a: Gholdengo|0 fnt
|faint|p1a: Gholdengo
|
|upkeep
|
|t:|1781597810
|switch|p1a: Raging Bolt|Raging Bolt|38/100
|-damage|p1a: Raging Bolt|25/100|[from] Stealth Rock
|turn|37
|
|t:|1781597814
|move|p2a: Alomomola|Aqua Jet|p1a: Raging Bolt
|-resisted|p1a: Raging Bolt
|-damage|p1a: Raging Bolt|20/100
|move|p1a: Raging Bolt|Thunderbolt|p2a: Alomomola
|-supereffective|p2a: Alomomola
|-damage|p2a: Alomomola|0 fnt
|faint|p2a: Alomomola
|
|win|The real kurt tay
|raw|The real kurt tay's rating: 1675 &rarr; <strong>1693</strong><br />(+18 for winning)
|raw|tb poke's rating: 1646 &rarr; <strong>1628</strong><br />(-18 for losing)
|l|☆tb poke
|player|p2|
|l|☆The real kurt tay
|player|p1|
|j|☆The real kurt tay
|player|p1|The real kurt tay|101|
|l|☆The real kurt tay
|player|p1|
