|j|☆RagingSquirtleXD
|j|☆Klopple
|t:|1781009001
|gametype|singles
|player|p1|RagingSquirtleXD|170|1659
|player|p2|Klopple|sailor|1725
|gen|9
|tier|[Gen 9] OU
|rated|
|rule|HP Percentage Mod: HP is shown in percentages
|rule|Endless Battle Clause: Forcing endless battles is banned
|rule|Species Clause: Limit one of each Pokémon
|rule|OHKO Clause: OHKO moves are banned
|rule|Evasion Items Clause: Evasion items are banned
|rule|Evasion Moves Clause: Evasion moves are banned
|rule|Evasion Abilities Clause: Evasion abilities are banned
|rule|Sleep Moves Clause: Sleep-inducing moves are banned
|clearpoke
|poke|p1|Hatterene, F|
|poke|p1|Great Tusk|
|poke|p1|Tornadus-Therian, M|
|poke|p1|Kyurem|
|poke|p1|Slowking-Galar, M|
|poke|p1|Kingambit, F|
|poke|p2|Arboliva, F|
|poke|p2|Gliscor, M|
|poke|p2|Iron Crown|
|poke|p2|Zamazenta-*|
|poke|p2|Hatterene, F|
|poke|p2|Dragonite, M|
|teampreview
|inactive|Battle timer is ON: inactive players will automatically lose when time's up. (requested by RagingSquirtleXD)
|j| frisou
|inactive|Klopple has 120 seconds left.
|
|t:|1781009070
|teamsize|p1|6
|teamsize|p2|6
|start
|switch|p1a: Tornadus|Tornadus-Therian, M|100/100
|switch|p2a: Iron Crown|Iron Crown|100/100
|turn|1
|
|t:|1781009082
|-end|p2a: Iron Crown|Quark Drive|[silent]
|switch|p2a: Hatterene|Hatterene, F|100/100
|move|p1a: Tornadus|Knock Off|p2a: Hatterene
|-damage|p2a: Hatterene|84/100
|-damage|p1a: Tornadus|84/100|[from] item: Rocky Helmet|[of] p2a: Hatterene
|-enditem|p2a: Hatterene|Rocky Helmet|[from] move: Knock Off|[of] p1a: Tornadus
|
|upkeep
|turn|2
|
|t:|1781009089
|move|p1a: Tornadus|U-turn|p2a: Hatterene
|-damage|p2a: Hatterene|73/100
|
|t:|1781009092
|switch|p1a: Slowking|Slowking-Galar, M|100/100|[from] U-turn
|move|p2a: Hatterene|Nuzzle|p1a: Slowking
|-damage|p1a: Slowking|98/100
|-status|p1a: Slowking|par
|
|-heal|p1a: Slowking|100/100 par|[from] item: Black Sludge
|upkeep
|turn|3
|
|t:|1781009098
|move|p2a: Hatterene|Pain Split|p1a: Slowking
|-sethp|p1a: Slowking|80/100 par|[from] move: Pain Split|[silent]
|-sethp|p2a: Hatterene|98/100|[from] move: Pain Split
|move|p1a: Slowking|Trick|p2a: Hatterene
|-activate|p1a: Slowking|move: Trick|[of] p2a: Hatterene
|-item|p2a: Hatterene|Black Sludge|[from] move: Trick
|-enditem|p1a: Slowking|Black Sludge|[silent]|[from] move: Trick
|
|-damage|p2a: Hatterene|86/100|[from] item: Black Sludge
|upkeep
|turn|4
|
|t:|1781009110
|switch|p2a: Gliscor|Gliscor, M|100/100
|cant|p1a: Slowking|par
|
|-status|p2a: Gliscor|tox|[from] item: Toxic Orb
|upkeep
|turn|5
|
|t:|1781009117
|switch|p1a: Hatterene|Hatterene, F|100/100
|move|p2a: Gliscor|Stealth Rock|p1a: Hatterene
|move|p1a: Hatterene|Stealth Rock|p2a: Gliscor|[from] ability: Magic Bounce
|-sidestart|p2: Klopple|move: Stealth Rock
|
|upkeep
|turn|6
|
|t:|1781009121
|move|p2a: Gliscor|Knock Off|p1a: Hatterene
|-damage|p1a: Hatterene|83/100
|-damage|p2a: Gliscor|84/100 tox|[from] item: Rocky Helmet|[of] p1a: Hatterene
|-enditem|p1a: Hatterene|Rocky Helmet|[from] move: Knock Off|[of] p2a: Gliscor
|move|p1a: Hatterene|Psychic Noise|p2a: Gliscor
|-damage|p2a: Gliscor|56/100 tox
|-start|p2a: Gliscor|move: Heal Block
|
|upkeep
|turn|7
|
|t:|1781009132
|switch|p2a: Iron Crown|Iron Crown|100/100
|-damage|p2a: Iron Crown|94/100|[from] Stealth Rock
|move|p1a: Hatterene|Psychic Noise|p2a: Iron Crown
|-resisted|p2a: Iron Crown
|-damage|p2a: Iron Crown|88/100
|-start|p2a: Iron Crown|move: Heal Block
|
|upkeep
|turn|8
|
|t:|1781009140
|switch|p1a: Tornadus|Tornadus-Therian, M|100/100
|move|p2a: Iron Crown|Volt Switch|p1a: Tornadus
|-supereffective|p1a: Tornadus
|-damage|p1a: Tornadus|68/100
|
|t:|1781009157
|-end|p2a: Iron Crown|Quark Drive|[silent]
|switch|p2a: Zamazenta|Zamazenta|100/100|[from] Volt Switch
|-damage|p2a: Zamazenta|94/100|[from] Stealth Rock
|-ability|p2a: Zamazenta|Dauntless Shield|boost
|-boost|p2a: Zamazenta|def|1
|
|upkeep
|turn|9
|
|t:|1781009170
|switch|p1a: Hatterene|Hatterene, F|83/100
|move|p2a: Zamazenta|Ice Fang|p1a: Hatterene
|-damage|p1a: Hatterene|63/100
|
|upkeep
|turn|10
|
|t:|1781009183
|switch|p2a: Gliscor|Gliscor, M|56/100 tox
|-damage|p2a: Gliscor|44/100 tox|[from] Stealth Rock
|switch|p1a: Slowking|Slowking-Galar, M|100/100 par
|
|-heal|p2a: Gliscor|56/100 tox|[from] ability: Poison Heal
|upkeep
|turn|11
|
|t:|1781009194
|move|p2a: Gliscor|Stealth Rock|p1a: Slowking
|-sidestart|p1: RagingSquirtleXD|move: Stealth Rock
|-prepare|p1a: Slowking|Chilly Reception|[premajor]
|cant|p1a: Slowking|par
|
|-heal|p2a: Gliscor|69/100 tox|[from] ability: Poison Heal
|upkeep
|turn|12
|
|t:|1781009202
|switch|p1a: Great Tusk|Great Tusk|100/100
|-damage|p1a: Great Tusk|98/100|[from] Stealth Rock
|move|p2a: Gliscor|Earthquake|p1a: Great Tusk
|-damage|p1a: Great Tusk|74/100
|
|-heal|p2a: Gliscor|81/100 tox|[from] ability: Poison Heal
|upkeep
|turn|13
|
|t:|1781009208
|move|p2a: Gliscor|Protect|p2a: Gliscor
|-singleturn|p2a: Gliscor|Protect
|move|p1a: Great Tusk|Rapid Spin|p2a: Gliscor
|-activate|p2a: Gliscor|move: Protect
|
|-heal|p2a: Gliscor|94/100 tox|[from] ability: Poison Heal
|upkeep
|turn|14
|
|t:|1781009224
|switch|p2a: Arboliva|Arboliva, F|100/100
|-damage|p2a: Arboliva|88/100|[from] Stealth Rock
|move|p1a: Great Tusk|Rapid Spin|p2a: Arboliva
|-damage|p2a: Arboliva|71/100
|-boost|p1a: Great Tusk|spe|1
|-sideend|p1: RagingSquirtleXD|Stealth Rock|[from] move: Rapid Spin|[of] p1a: Great Tusk
|
|upkeep
|turn|15
|
|t:|1781009232
|-end|p1a: Great Tusk|Protosynthesis|[silent]
|switch|p1a: Tornadus|Tornadus-Therian, M|100/100
|move|p2a: Arboliva|Energy Ball|p1a: Tornadus
|-resisted|p1a: Tornadus
|-damage|p1a: Tornadus|84/100
|
|upkeep
|turn|16
|
|t:|1781009243
|switch|p2a: Gliscor|Gliscor, M|94/100 tox
|-damage|p2a: Gliscor|81/100 tox|[from] Stealth Rock
|move|p1a: Tornadus|U-turn|p2a: Gliscor
|-resisted|p2a: Gliscor
|-damage|p2a: Gliscor|75/100 tox
|
|t:|1781009248
|switch|p1a: Kyurem|Kyurem|100/100|[from] U-turn
|-ability|p1a: Kyurem|Pressure
|
|-heal|p2a: Gliscor|88/100 tox|[from] ability: Poison Heal
|upkeep
|turn|17
|
|t:|1781009252
|move|p2a: Gliscor|Protect|p2a: Gliscor
|-singleturn|p2a: Gliscor|Protect
|move|p1a: Kyurem|Ice Beam|p2a: Gliscor
|-activate|p2a: Gliscor|move: Protect
|
|-heal|p2a: Gliscor|100/100 tox|[from] ability: Poison Heal
|upkeep
|turn|18
|
|t:|1781009257
|switch|p2a: Iron Crown|Iron Crown|88/100
|-damage|p2a: Iron Crown|82/100|[from] Stealth Rock
|move|p1a: Kyurem|Ice Beam|p2a: Iron Crown
|-resisted|p2a: Iron Crown
|-damage|p2a: Iron Crown|61/100
|
|upkeep
|turn|19
|
|t:|1781009266
|switch|p1a: Tornadus|Tornadus-Therian, M|100/100
|move|p2a: Iron Crown|Future Sight|p1a: Tornadus
|-start|p2a: Iron Crown|move: Future Sight
|
|upkeep
|turn|20
|l| frisou
|
|t:|1781009280
|-end|p2a: Iron Crown|Quark Drive|[silent]
|switch|p2a: Gliscor|Gliscor, M|100/100 tox
|-damage|p2a: Gliscor|88/100 tox|[from] Stealth Rock
|move|p1a: Tornadus|Bleakwind Storm|p2a: Gliscor
|-damage|p2a: Gliscor|58/100 tox
|
|-heal|p2a: Gliscor|70/100 tox|[from] ability: Poison Heal
|upkeep
|turn|21
|
|t:|1781009300
|move|p1a: Tornadus|Bleakwind Storm|p2a: Gliscor
|-damage|p2a: Gliscor|40/100 tox
|move|p2a: Gliscor|Knock Off|p1a: Tornadus
|-damage|p1a: Tornadus|74/100
|-enditem|p1a: Tornadus|Assault Vest|[from] move: Knock Off|[of] p2a: Gliscor
|
|-end|p1a: Tornadus|move: Future Sight
|-damage|p1a: Tornadus|11/100
|-heal|p2a: Gliscor|52/100 tox|[from] ability: Poison Heal
|upkeep
|turn|22
|
|t:|1781009315
|switch|p1a: Slowking|Slowking-Galar, M|100/100 par
|move|p2a: Gliscor|Knock Off|p1a: Slowking
|-supereffective|p1a: Slowking
|-damage|p1a: Slowking|79/100 par
|
|-heal|p2a: Gliscor|65/100 tox|[from] ability: Poison Heal
|upkeep
|turn|23
|
|t:|1781009323
|move|p2a: Gliscor|Stealth Rock|p1a: Slowking
|-sidestart|p1: RagingSquirtleXD|move: Stealth Rock
|-prepare|p1a: Slowking|Chilly Reception|[premajor]
|move|p1a: Slowking|Chilly Reception|p1a: Slowking
|-weather|Snowscape
|
|t:|1781009327
|switch|p1a: Great Tusk|Great Tusk|74/100|[from] Chilly Reception
|-damage|p1a: Great Tusk|71/100|[from] Stealth Rock
|
|-weather|Snowscape|[upkeep]
|-heal|p2a: Gliscor|77/100 tox|[from] ability: Poison Heal
|upkeep
|turn|24
|
|t:|1781009331
|move|p2a: Gliscor|Protect|p2a: Gliscor
|-singleturn|p2a: Gliscor|Protect
|move|p1a: Great Tusk|Ice Spinner|p2a: Gliscor
|-activate|p2a: Gliscor|move: Protect
|
|-weather|Snowscape|[upkeep]
|-heal|p2a: Gliscor|90/100 tox|[from] ability: Poison Heal
|upkeep
|turn|25
|
|t:|1781009340
|switch|p2a: Arboliva|Arboliva, F|71/100
|-damage|p2a: Arboliva|59/100|[from] Stealth Rock
|move|p1a: Great Tusk|Rapid Spin|p2a: Arboliva
|-damage|p2a: Arboliva|41/100
|-boost|p1a: Great Tusk|spe|1
|-sideend|p1: RagingSquirtleXD|Stealth Rock|[from] move: Rapid Spin|[of] p1a: Great Tusk
|
|-weather|Snowscape|[upkeep]
|upkeep
|turn|26
|
|t:|1781009346
|-end|p1a: Great Tusk|Protosynthesis|[silent]
|switch|p1a: Kyurem|Kyurem|100/100
|-ability|p1a: Kyurem|Pressure
|move|p2a: Arboliva|Endure||[still]
|-fail|p2a: Arboliva
|
|-weather|Snowscape|[upkeep]
|upkeep
|turn|27
|
|t:|1781009350
|move|p2a: Arboliva|Endure|p2a: Arboliva
|-singleturn|p2a: Arboliva|move: Endure
|move|p1a: Kyurem|Blizzard|p2a: Arboliva
|-supereffective|p2a: Arboliva
|-activate|p2a: Arboliva|move: Endure
|-damage|p2a: Arboliva|1/100
|
|-weather|none
|upkeep
|turn|28
|-enditem|p2a: Arboliva|Custap Berry|[eat]
|-activate|p2a: Arboliva|item: Custap Berry|[consumed]
|
|t:|1781009356
|switch|p1a: Tornadus|Tornadus-Therian, M|45/100
|move|p2a: Arboliva|Alluring Voice|p1a: Tornadus
|-damage|p1a: Tornadus|13/100
|
|-item|p2a: Arboliva|Custap Berry|[from] ability: Harvest
|upkeep
|turn|29
|-enditem|p2a: Arboliva|Custap Berry|[eat]
|-activate|p2a: Arboliva|item: Custap Berry|[consumed]
|
|t:|1781009364
|move|p2a: Arboliva|Energy Ball|p1a: Tornadus
|-resisted|p1a: Tornadus
|-damage|p1a: Tornadus|0 fnt
|faint|p1a: Tornadus
|
|-item|p2a: Arboliva|Custap Berry|[from] ability: Harvest
|upkeep
|
|t:|1781009370
|switch|p1a: Kyurem|Kyurem|100/100
|-ability|p1a: Kyurem|Pressure
|turn|30
|-enditem|p2a: Arboliva|Custap Berry|[eat]
|-activate|p2a: Arboliva|item: Custap Berry|[consumed]
|
|t:|1781009400
|move|p2a: Arboliva|Alluring Voice|p1a: Kyurem
|-supereffective|p1a: Kyurem
|-damage|p1a: Kyurem|45/100
|move|p1a: Kyurem|Ice Beam|p2a: Arboliva
|-supereffective|p2a: Arboliva
|-damage|p2a: Arboliva|0 fnt
|faint|p2a: Arboliva
|
|upkeep
|inactive|Klopple has 120 seconds left.
|
|t:|1781009413
|switch|p2a: Iron Crown|Iron Crown|61/100
|-damage|p2a: Iron Crown|54/100|[from] Stealth Rock
|turn|31
|
|t:|1781009422
|switch|p1a: Slowking|Slowking-Galar, M|100/100 par
|move|p2a: Iron Crown|Tachyon Cutter|p1a: Slowking
|-damage|p1a: Slowking|81/100 par
|-damage|p1a: Slowking|61/100 par
|-hitcount|p1a: Slowking|2
|
|upkeep
|turn|32
|
|t:|1781009435
|move|p2a: Iron Crown|Tachyon Cutter|p1a: Slowking
|-damage|p1a: Slowking|41/100 par
|-damage|p1a: Slowking|19/100 par
|-hitcount|p1a: Slowking|2
|-prepare|p1a: Slowking|Chilly Reception|[premajor]
|move|p1a: Slowking|Chilly Reception|p1a: Slowking
|-weather|Snowscape
|
|t:|1781009440
|switch|p1a: Kingambit|Kingambit, F|100/100|[from] Chilly Reception
|-activate|p1a: Kingambit|ability: Supreme Overlord
|-start|p1a: Kingambit|fallen1|[silent]
|
|-weather|Snowscape|[upkeep]
|upkeep
|turn|33
|
|t:|1781009446
|-end|p2a: Iron Crown|Quark Drive|[silent]
|switch|p2a: Dragonite|Dragonite, M|100/100
|move|p1a: Kingambit|Kowtow Cleave|p2a: Dragonite
|-damage|p2a: Dragonite|76/100
|
|-weather|Snowscape|[upkeep]
|upkeep
|turn|34
|
|t:|1781009454
|move|p2a: Dragonite|Earthquake|p1a: Kingambit
|-supereffective|p1a: Kingambit
|-damage|p1a: Kingambit|46/100
|move|p1a: Kingambit|Kowtow Cleave|p2a: Dragonite
|-damage|p2a: Dragonite|28/100
|
|-weather|Snowscape|[upkeep]
|-heal|p1a: Kingambit|52/100|[from] item: Leftovers
|upkeep
|turn|35
|
|t:|1781009464
|-end|p1a: Kingambit|fallen1|[silent]
|switch|p1a: Kyurem|Kyurem|45/100
|-ability|p1a: Kyurem|Pressure
|move|p2a: Dragonite|Earthquake|p1a: Kyurem
|-crit|p1a: Kyurem
|-damage|p1a: Kyurem|10/100
|
|-weather|Snowscape|[upkeep]
|upkeep
|turn|36
|
|t:|1781009468
|move|p2a: Dragonite|Extreme Speed|p1a: Kyurem
|-crit|p1a: Kyurem
|-damage|p1a: Kyurem|0 fnt
|faint|p1a: Kyurem
|
|-weather|none
|upkeep
|
|t:|1781009477
|switch|p1a: Hatterene|Hatterene, F|63/100
|turn|37
|
|t:|1781009486
|switch|p2a: Iron Crown|Iron Crown|54/100
|-damage|p2a: Iron Crown|48/100|[from] Stealth Rock
|move|p1a: Hatterene|Nuzzle|p2a: Iron Crown
|-damage|p2a: Iron Crown|44/100
|-status|p2a: Iron Crown|par
|
|upkeep
|turn|38
|
|t:|1781009501
|switch|p1a: Kingambit|Kingambit, F|52/100
|-activate|p1a: Kingambit|ability: Supreme Overlord
|-start|p1a: Kingambit|fallen2|[silent]
|move|p2a: Iron Crown|Volt Switch|p1a: Kingambit
|-damage|p1a: Kingambit|31/100
|
|t:|1781009517
|-end|p2a: Iron Crown|Quark Drive|[silent]
|switch|p2a: Zamazenta|Zamazenta|94/100|[from] Volt Switch
|-damage|p2a: Zamazenta|88/100|[from] Stealth Rock
|
|-heal|p1a: Kingambit|37/100|[from] item: Leftovers
|upkeep
|turn|39
|
|t:|1781009522
|-end|p1a: Kingambit|fallen2|[silent]
|switch|p1a: Slowking|Slowking-Galar, M|53/100 par
|move|p2a: Zamazenta|Close Combat|p1a: Slowking
|-resisted|p1a: Slowking
|-damage|p1a: Slowking|41/100 par
|-unboost|p2a: Zamazenta|def|1
|-unboost|p2a: Zamazenta|spd|1
|
|upkeep
|turn|40
|
|t:|1781009530
|switch|p1a: Great Tusk|Great Tusk|71/100
|move|p2a: Zamazenta|Crunch|p1a: Great Tusk
|-resisted|p1a: Great Tusk
|-damage|p1a: Great Tusk|61/100
|-damage|p2a: Zamazenta|72/100|[from] item: Rocky Helmet|[of] p1a: Great Tusk
|
|upkeep
|turn|41
|
|t:|1781009545
|switch|p2a: Iron Crown|Iron Crown|44/100 par
|-damage|p2a: Iron Crown|38/100 par|[from] Stealth Rock
|move|p1a: Great Tusk|Rapid Spin|p2a: Iron Crown
|-resisted|p2a: Iron Crown
|-damage|p2a: Iron Crown|28/100 par
|-boost|p1a: Great Tusk|spe|1
|
|upkeep
|turn|42
|
|t:|1781009552
|move|p1a: Great Tusk|Headlong Rush|p2a: Iron Crown
|-supereffective|p2a: Iron Crown
|-damage|p2a: Iron Crown|0 fnt
|-unboost|p1a: Great Tusk|def|1
|-unboost|p1a: Great Tusk|spd|1
|faint|p2a: Iron Crown
|-end|p2a: Iron Crown|Quark Drive|[silent]
|
|upkeep
|
|t:|1781009557
|switch|p2a: Hatterene|Hatterene, F|86/100
|-damage|p2a: Hatterene|74/100|[from] Stealth Rock
|turn|43
|
|t:|1781009568
|-end|p1a: Great Tusk|Protosynthesis|[silent]
|switch|p1a: Slowking|Slowking-Galar, M|75/100 par
|move|p2a: Hatterene|Psychic Noise|p1a: Slowking
|-damage|p1a: Slowking|49/100 par
|-start|p1a: Slowking|move: Heal Block
|
|-damage|p2a: Hatterene|62/100|[from] item: Black Sludge
|upkeep
|turn|44
|
|t:|1781009575
|switch|p2a: Gliscor|Gliscor, M|90/100 tox
|-damage|p2a: Gliscor|77/100 tox|[from] Stealth Rock
|-prepare|p1a: Slowking|Chilly Reception|[premajor]
|move|p1a: Slowking|Chilly Reception|p1a: Slowking
|-weather|Snowscape
|
|t:|1781009583
|switch|p1a: Great Tusk|Great Tusk|61/100|[from] Chilly Reception
|
|-weather|Snowscape|[upkeep]
|-heal|p2a: Gliscor|90/100 tox|[from] ability: Poison Heal
|upkeep
|turn|45
|inactive|Klopple has 120 seconds left.
|
|t:|1781009619
|-terastallize|p2a: Gliscor|Water
|move|p1a: Great Tusk|Ice Spinner|p2a: Gliscor
|-resisted|p2a: Gliscor
|-damage|p2a: Gliscor|78/100 tox
|move|p2a: Gliscor|Earthquake|p1a: Great Tusk
|-damage|p1a: Great Tusk|36/100
|
|-weather|Snowscape|[upkeep]
|-heal|p2a: Gliscor|90/100 tox|[from] ability: Poison Heal
|upkeep
|turn|46
|inactive|Klopple has 120 seconds left.
|inactive|RagingSquirtleXD has 120 seconds left.
|inactive|RagingSquirtleXD has 90 seconds left.
|inactive|RagingSquirtleXD has 60 seconds left.
|
|t:|1781009714
|-end|p1a: Great Tusk|Protosynthesis|[silent]
|switch|p1a: Hatterene|Hatterene, F|63/100
|move|p2a: Gliscor|Earthquake|p1a: Hatterene
|-damage|p1a: Hatterene|36/100
|
|-weather|Snowscape|[upkeep]
|-heal|p2a: Gliscor|100/100 tox|[from] ability: Poison Heal
|upkeep
|turn|47
|inactive|RagingSquirtleXD has 60 seconds left.
|inactive|Klopple has 120 seconds left.
|
|t:|1781009736
|switch|p2a: Hatterene|Hatterene, F|62/100
|-damage|p2a: Hatterene|49/100|[from] Stealth Rock
|-terastallize|p1a: Hatterene|Flying
|move|p1a: Hatterene|Pain Split|p2a: Hatterene
|-sethp|p2a: Hatterene|43/100|[from] move: Pain Split|[silent]
|-sethp|p1a: Hatterene|43/100|[from] move: Pain Split
|
|-weather|Snowscape|[upkeep]
|-damage|p2a: Hatterene|30/100|[from] item: Black Sludge
|upkeep
|turn|48
|
|t:|1781009753
|switch|p1a: Kingambit|Kingambit, F|37/100
|-activate|p1a: Kingambit|ability: Supreme Overlord
|-start|p1a: Kingambit|fallen2|[silent]
|move|p2a: Hatterene|Pain Split|p1a: Kingambit
|-sethp|p1a: Kingambit|30/100|[from] move: Pain Split|[silent]
|-sethp|p2a: Hatterene|38/100|[from] move: Pain Split
|
|-weather|none
|-heal|p1a: Kingambit|37/100|[from] item: Leftovers
|-damage|p2a: Hatterene|26/100|[from] item: Black Sludge
|upkeep
|turn|49
|
|t:|1781009768
|move|p1a: Kingambit|Iron Head|p2a: Hatterene
|-supereffective|p2a: Hatterene
|-damage|p2a: Hatterene|0 fnt
|faint|p2a: Hatterene
|
|-heal|p1a: Kingambit|43/100|[from] item: Leftovers
|upkeep
|
|t:|1781009775
|switch|p2a: Zamazenta|Zamazenta|72/100
|-damage|p2a: Zamazenta|66/100|[from] Stealth Rock
|turn|50
|
|t:|1781009779
|-end|p1a: Kingambit|fallen2|[silent]
|switch|p1a: Slowking|Slowking-Galar, M|82/100 par
|move|p2a: Zamazenta|Close Combat|p1a: Slowking
|-resisted|p1a: Slowking
|-damage|p1a: Slowking|70/100 par
|-unboost|p2a: Zamazenta|def|1
|-unboost|p2a: Zamazenta|spd|1
|
|upkeep
|turn|51
|
|t:|1781009786
|switch|p2a: Gliscor|Gliscor, M, tera:Water|100/100 tox
|-damage|p2a: Gliscor|88/100 tox|[from] Stealth Rock
|move|p1a: Slowking|Sludge Bomb|p2a: Gliscor
|-damage|p2a: Gliscor|58/100 tox
|
|-heal|p2a: Gliscor|70/100 tox|[from] ability: Poison Heal
|upkeep
|turn|52
|inactive|Klopple has 120 seconds left.
|
|t:|1781009796
|switch|p2a: Dragonite|Dragonite, M|28/100
|switch|p1a: Hatterene|Hatterene, F, tera:Flying|43/100
|
|upkeep
|turn|53
|inactive|RagingSquirtleXD has 90 seconds left.
|inactive|Klopple has 120 seconds left.
|
|t:|1781009809
|switch|p1a: Great Tusk|Great Tusk|36/100
|move|p2a: Dragonite|Extreme Speed|p1a: Great Tusk
|-damage|p1a: Great Tusk|12/100
|-damage|p2a: Dragonite|12/100|[from] item: Rocky Helmet|[of] p1a: Great Tusk
|
|upkeep
|turn|54
|inactive|Klopple has 120 seconds left.
|
|t:|1781009820
|-end|p1a: Great Tusk|Protosynthesis|[silent]
|switch|p1a: Hatterene|Hatterene, F, tera:Flying|43/100
|move|p2a: Dragonite|Extreme Speed|p1a: Hatterene
|-damage|p1a: Hatterene|17/100
|
|upkeep
|turn|55
|inactive|Klopple has 120 seconds left.
|
|t:|1781009835
|switch|p1a: Great Tusk|Great Tusk|12/100
|move|p2a: Dragonite|Extreme Speed|p1a: Great Tusk
|-damage|p1a: Great Tusk|0 fnt
|-damage|p2a: Dragonite|0 fnt|[from] item: Rocky Helmet|[of] p1a: Great Tusk
|faint|p1a: Great Tusk
|-end|p1a: Great Tusk|Protosynthesis|[silent]
|faint|p2a: Dragonite
|
|upkeep
|inactive|Klopple has 90 seconds left.
|
|t:|1781009873
|switch|p1a: Slowking|Slowking-Galar, M|100/100 par
|switch|p2a: Gliscor|Gliscor, M, tera:Water|70/100 tox
|-damage|p2a: Gliscor|58/100 tox|[from] Stealth Rock
|turn|56
|
|t:|1781009880
|move|p2a: Gliscor|Stealth Rock|p1a: Slowking
|-sidestart|p1: RagingSquirtleXD|move: Stealth Rock
|move|p1a: Slowking|Future Sight|p2a: Gliscor
|-start|p1a: Slowking|move: Future Sight
|
|-heal|p2a: Gliscor|70/100 tox|[from] ability: Poison Heal
|upkeep
|turn|57
|
|t:|1781009889
|move|p2a: Gliscor|Earthquake|p1a: Slowking
|-supereffective|p1a: Slowking
|-damage|p1a: Slowking|50/100 par
|-prepare|p1a: Slowking|Chilly Reception|[premajor]
|move|p1a: Slowking|Chilly Reception|p1a: Slowking
|-weather|Snowscape
|
|t:|1781009893
|switch|p1a: Hatterene|Hatterene, F, tera:Flying|17/100|[from] Chilly Reception
|-damage|p1a: Hatterene|0 fnt|[from] Stealth Rock
|faint|p1a: Hatterene
|
|-weather|Snowscape|[upkeep]
|-heal|p2a: Gliscor|83/100 tox|[from] ability: Poison Heal
|upkeep
|
|t:|1781009894
|switch|p1a: Kingambit|Kingambit, F|43/100
|-damage|p1a: Kingambit|37/100|[from] Stealth Rock
|-activate|p1a: Kingambit|ability: Supreme Overlord
|-start|p1a: Kingambit|fallen4|[silent]
|turn|58
|
|t:|1781009917
|move|p1a: Kingambit|Sucker Punch|p2a: Gliscor
|-damage|p2a: Gliscor|37/100 tox
|move|p2a: Gliscor|Earthquake|p1a: Kingambit
|-supereffective|p1a: Kingambit
|-damage|p1a: Kingambit|0 fnt
|faint|p1a: Kingambit
|-end|p1a: Kingambit|fallen4|[silent]
|
|-weather|Snowscape|[upkeep]
|-end|p2a: Gliscor|move: Future Sight
|-damage|p2a: Gliscor|1/100 tox
|-heal|p2a: Gliscor|14/100 tox|[from] ability: Poison Heal
|upkeep
|
|t:|1781009920
|switch|p1a: Slowking|Slowking-Galar, M|83/100 par
|-damage|p1a: Slowking|71/100 par|[from] Stealth Rock
|turn|59
|
|t:|1781009937
|move|p2a: Gliscor|Protect|p2a: Gliscor
|-singleturn|p2a: Gliscor|Protect
|move|p1a: Slowking|Future Sight|p2a: Gliscor
|-start|p1a: Slowking|move: Future Sight
|
|-weather|Snowscape|[upkeep]
|-heal|p2a: Gliscor|26/100 tox|[from] ability: Poison Heal
|upkeep
|turn|60
|
|t:|1781009943
|move|p2a: Gliscor|Earthquake|p1a: Slowking
|-supereffective|p1a: Slowking
|-damage|p1a: Slowking|23/100 par
|move|p1a: Slowking|Sludge Bomb|p2a: Gliscor
|-damage|p2a: Gliscor|0 fnt
|faint|p2a: Gliscor
|
|-weather|Snowscape|[upkeep]
|upkeep
|
|t:|1781009949
|switch|p2a: Zamazenta|Zamazenta|66/100
|-damage|p2a: Zamazenta|60/100|[from] Stealth Rock
|turn|61
|
|t:|1781009953
|move|p2a: Zamazenta|Crunch|p1a: Slowking
|-supereffective|p1a: Slowking
|-damage|p1a: Slowking|0 fnt
|faint|p1a: Slowking
|
|win|Klopple
|raw|RagingSquirtleXD's rating: 1659 &rarr; <strong>1643</strong><br />(-16 for losing)
|raw|Klopple's rating: 1725 &rarr; <strong>1741</strong><br />(+16 for winning)
|l|☆RagingSquirtleXD
|player|p1|
|l|☆Klopple
|player|p2|
