|j|☆lzw00
|j|☆zylsnbb
|t:|1780914036
|gametype|singles
|player|p1|lzw00|rosa|1534
|player|p2|zylsnbb|266|1571
|gen|9
|tier|[Gen 9] OU
|rated|
|rule|HP Percentage Mod: HP is shown in percentages
|rule|Endless Battle Clause: Forcing endless battles is banned
|rule|Species Clause: Limit one of each Pokémon
|rule|OHKO Clause: OHKO moves are banned
|rule|Evasion Items Clause: Evasion items are banned
|rule|Evasion Moves Clause: Evasion moves are banned
|rule|Evasion Abilities Clause: Evasion abilities are banned
|rule|Sleep Moves Clause: Sleep-inducing moves are banned
|clearpoke
|poke|p1|Heatran, F|
|poke|p1|Rotom-Wash|
|poke|p1|Great Tusk|
|poke|p1|Meowscarada, F|
|poke|p1|Garganacl, M|
|poke|p1|Porygon2|
|poke|p2|Great Tusk|
|poke|p2|Slowking-Galar, M|
|poke|p2|Corviknight, F|
|poke|p2|Clefable, F|
|poke|p2|Samurott-Hisui, M|
|poke|p2|Dragapult, F|
|teampreview
|inactive|Battle timer is ON: inactive players will automatically lose when time's up. (requested by lzw00)
|
|t:|1780914047
|teamsize|p1|6
|teamsize|p2|6
|start
|switch|p1a: Meowscarada|Meowscarada, F|100/100
|switch|p2a: Bull's-eye|Dragapult, F|100/100
|turn|1
|
|t:|1780914061
|switch|p2a: Loxodonta|Great Tusk|100/100
|move|p1a: Meowscarada|Sucker Punch||[still]
|-fail|p1a: Meowscarada
|
|upkeep
|turn|2
|
|t:|1780914075
|switch|p1a: Rotom|Rotom-Wash|100/100
|move|p2a: Loxodonta|Knock Off|p1a: Rotom
|-damage|p1a: Rotom|73/100
|-enditem|p1a: Rotom|Sitrus Berry|[from] move: Knock Off|[of] p2a: Loxodonta
|
|upkeep
|turn|3
|
|t:|1780914083
|-end|p2a: Loxodonta|Protosynthesis|[silent]
|switch|p2a: Alchemist|Slowking-Galar, M|100/100
|move|p1a: Rotom|Will-O-Wisp|p2a: Alchemist
|-status|p2a: Alchemist|brn
|
|-damage|p2a: Alchemist|94/100 brn|[from] brn
|upkeep
|turn|4
|
|t:|1780914103
|move|p1a: Rotom|Volt Switch|p2a: Alchemist
|-damage|p2a: Alchemist|82/100 brn
|
|t:|1780914109
|switch|p1a: Meowscarada|Meowscarada, F|100/100|[from] Volt Switch
|move|p2a: Alchemist|Psyshock|p1a: Meowscarada
|-immune|p1a: Meowscarada
|
|-damage|p2a: Alchemist|76/100 brn|[from] brn
|upkeep
|turn|5
|
|t:|1780914116
|switch|p2a: Voyageur|Corviknight, F|100/100
|-ability|p2a: Voyageur|Pressure
|move|p1a: Meowscarada|U-turn|p2a: Voyageur
|-start|p1a: Meowscarada|typechange|Bug|[from] ability: Protean
|-resisted|p2a: Voyageur
|-crit|p2a: Voyageur
|-damage|p2a: Voyageur|89/100
|-damage|p1a: Meowscarada|84/100|[from] item: Rocky Helmet|[of] p2a: Voyageur
|
|t:|1780914124
|switch|p1a: Rotom|Rotom-Wash|73/100|[from] U-turn
|
|upkeep
|turn|6
|
|t:|1780914130
|switch|p2a: Alchemist|Slowking-Galar, M|100/100 brn
|move|p1a: Rotom|Will-O-Wisp|p2a: Alchemist
|-fail|p2a: Alchemist|brn
|
|-damage|p2a: Alchemist|94/100 brn|[from] brn
|upkeep
|turn|7
|
|t:|1780914138
|move|p1a: Rotom|Volt Switch|p2a: Alchemist
|-damage|p2a: Alchemist|83/100 brn
|
|t:|1780914142
|switch|p1a: Porygon2|Porygon2|100/100|[from] Volt Switch
|-ability|p1a: Porygon2|Download|boost
|-boost|p1a: Porygon2|atk|1
|move|p2a: Alchemist|Flamethrower|p1a: Porygon2
|-damage|p1a: Porygon2|84/100
|
|-damage|p2a: Alchemist|77/100 brn|[from] brn
|upkeep
|turn|8
|
|t:|1780914150
|move|p1a: Porygon2|Shadow Ball|p2a: Alchemist
|-supereffective|p2a: Alchemist
|-damage|p2a: Alchemist|57/100 brn
|move|p2a: Alchemist|Sludge Bomb|p1a: Porygon2
|-damage|p1a: Porygon2|62/100
|
|-damage|p2a: Alchemist|51/100 brn|[from] brn
|upkeep
|turn|9
|
|t:|1780914164
|switch|p2a: P!nk|Clefable, F|100/100
|move|p1a: Porygon2|Shadow Ball|p2a: P!nk
|-damage|p2a: P!nk|83/100
|
|-heal|p2a: P!nk|89/100|[from] item: Leftovers
|upkeep
|turn|10
|
|t:|1780914173
|move|p2a: P!nk|Stealth Rock|p1a: Porygon2
|-sidestart|p1: lzw00|move: Stealth Rock
|move|p1a: Porygon2|Thunder Wave|p2a: P!nk
|-status|p2a: P!nk|par
|
|-heal|p2a: P!nk|95/100 par|[from] item: Leftovers
|upkeep
|turn|11
|
|t:|1780914200
|move|p1a: Porygon2|Recover|p1a: Porygon2
|-heal|p1a: Porygon2|100/100
|cant|p2a: P!nk|par
|
|-heal|p2a: P!nk|100/100 par|[from] item: Leftovers
|upkeep
|turn|12
|
|t:|1780914211
|move|p1a: Porygon2|Shadow Ball|p2a: P!nk
|-damage|p2a: P!nk|82/100 par
|-unboost|p2a: P!nk|spd|1
|move|p2a: P!nk|Thunder Wave|p1a: Porygon2
|-status|p1a: Porygon2|par
|
|-heal|p2a: P!nk|88/100 par|[from] item: Leftovers
|upkeep
|turn|13
|
|t:|1780914219
|switch|p2a: Alchemist|Slowking-Galar, M|84/100 brn
|cant|p1a: Porygon2|par
|
|-damage|p2a: Alchemist|78/100 brn|[from] brn
|upkeep
|turn|14
|
|t:|1780914226
|move|p2a: Alchemist|Sludge Bomb|p1a: Porygon2
|-damage|p1a: Porygon2|76/100 par
|move|p1a: Porygon2|Shadow Ball|p2a: Alchemist
|-supereffective|p2a: Alchemist
|-damage|p2a: Alchemist|60/100 brn
|
|-damage|p2a: Alchemist|54/100 brn|[from] brn
|upkeep
|turn|15
|
|t:|1780914235
|move|p2a: Alchemist|Psyshock|p1a: Porygon2
|-damage|p1a: Porygon2|56/100 par
|move|p1a: Porygon2|Shadow Ball|p2a: Alchemist
|-supereffective|p2a: Alchemist
|-damage|p2a: Alchemist|36/100 brn
|
|-damage|p2a: Alchemist|30/100 brn|[from] brn
|upkeep
|turn|16
|
|t:|1780914242
|switch|p2a: Loxodonta|Great Tusk|100/100
|move|p1a: Porygon2|Shadow Ball|p2a: Loxodonta
|-damage|p2a: Loxodonta|69/100
|
|-heal|p2a: Loxodonta|75/100|[from] item: Leftovers
|upkeep
|turn|17
|
|t:|1780914260
|switch|p1a: Rotom|Rotom-Wash|73/100
|-damage|p1a: Rotom|61/100|[from] Stealth Rock
|move|p2a: Loxodonta|Knock Off|p1a: Rotom
|-damage|p1a: Rotom|42/100
|
|-heal|p2a: Loxodonta|82/100|[from] item: Leftovers
|upkeep
|turn|18
|
|t:|1780914274
|-end|p2a: Loxodonta|Protosynthesis|[silent]
|switch|p2a: Alchemist|Slowking-Galar, M|63/100 brn
|move|p1a: Rotom|Pain Split|p2a: Alchemist
|-sethp|p2a: Alchemist|48/100 brn|[from] move: Pain Split|[silent]
|-sethp|p1a: Rotom|62/100|[from] move: Pain Split
|
|-damage|p2a: Alchemist|42/100 brn|[from] brn
|upkeep
|turn|19
|
|t:|1780914283
|move|p1a: Rotom|Volt Switch|p2a: Alchemist
|-damage|p2a: Alchemist|30/100 brn
|
|t:|1780914291
|switch|p1a: Porygon2|Porygon2|56/100 par|[from] Volt Switch
|-damage|p1a: Porygon2|44/100 par|[from] Stealth Rock
|-ability|p1a: Porygon2|Download|boost
|-boost|p1a: Porygon2|atk|1
|move|p2a: Alchemist|Flamethrower|p1a: Porygon2
|-damage|p1a: Porygon2|28/100 par
|
|-damage|p2a: Alchemist|24/100 brn|[from] brn
|upkeep
|turn|20
|
|t:|1780914300
|switch|p2a: Jack|Samurott-Hisui, M|100/100
|move|p1a: Porygon2|Recover|p1a: Porygon2
|-heal|p1a: Porygon2|78/100 par
|
|upkeep
|turn|21
|
|t:|1780914316
|move|p2a: Jack|Sacred Sword|p1a: Porygon2
|-supereffective|p1a: Porygon2
|-damage|p1a: Porygon2|39/100 par
|move|p1a: Porygon2|Thunder Wave|p2a: Jack
|-status|p2a: Jack|par
|
|upkeep
|turn|22
|
|t:|1780914331
|switch|p1a: Great Tusk|Great Tusk|100/100
|-damage|p1a: Great Tusk|98/100|[from] Stealth Rock
|move|p2a: Jack|Ceaseless Edge|p1a: Great Tusk
|-resisted|p1a: Great Tusk
|-damage|p1a: Great Tusk|82/100
|-damage|p2a: Jack|84/100 par|[from] item: Rocky Helmet|[of] p1a: Great Tusk
|-sidestart|p1: lzw00|Spikes
|
|upkeep
|turn|23
|
|t:|1780914348
|switch|p2a: Voyageur|Corviknight, F|89/100
|-ability|p2a: Voyageur|Pressure
|move|p1a: Great Tusk|Close Combat|p2a: Voyageur
|-damage|p2a: Voyageur|51/100
|-unboost|p1a: Great Tusk|def|1
|-unboost|p1a: Great Tusk|spd|1
|-damage|p1a: Great Tusk|66/100|[from] item: Rocky Helmet|[of] p2a: Voyageur
|
|upkeep
|turn|24
|
|t:|1780914357
|move|p1a: Great Tusk|Rapid Spin|p2a: Voyageur
|-resisted|p2a: Voyageur
|-damage|p2a: Voyageur|46/100
|-boost|p1a: Great Tusk|spe|1
|-damage|p1a: Great Tusk|50/100|[from] item: Rocky Helmet|[of] p2a: Voyageur
|-sideend|p1: lzw00|Spikes|[from] move: Rapid Spin|[of] p1a: Great Tusk
|-sideend|p1: lzw00|Stealth Rock|[from] move: Rapid Spin|[of] p1a: Great Tusk
|move|p2a: Voyageur|Brave Bird|p1a: Great Tusk
|-supereffective|p1a: Great Tusk
|-damage|p1a: Great Tusk|0 fnt
|-damage|p2a: Voyageur|29/100|[from] item: Rocky Helmet|[of] p1a: Great Tusk
|faint|p1a: Great Tusk
|-end|p1a: Great Tusk|Protosynthesis|[silent]
|-damage|p2a: Voyageur|14/100|[from] Recoil
|
|upkeep
|
|t:|1780914369
|switch|p1a: Rotom|Rotom-Wash|62/100
|turn|25
|inactive|zylsnbb has 120 seconds left.
|
|t:|1780914424
|switch|p2a: Alchemist|Slowking-Galar, M|57/100 brn
|move|p1a: Rotom|Volt Switch|p2a: Alchemist
|-damage|p2a: Alchemist|46/100 brn
|
|t:|1780914431
|switch|p1a: Meowscarada|Meowscarada, F|84/100|[from] Volt Switch
|
|-damage|p2a: Alchemist|40/100 brn|[from] brn
|upkeep
|turn|26
|
|t:|1780914444
|switch|p2a: Voyageur|Corviknight, F|14/100
|-ability|p2a: Voyageur|Pressure
|move|p1a: Meowscarada|Flower Trick|p2a: Voyageur
|-start|p1a: Meowscarada|typechange|Grass|[from] ability: Protean
|-resisted|p2a: Voyageur
|-crit|p2a: Voyageur
|-damage|p2a: Voyageur|4/100
|
|upkeep
|turn|27
|l|☆zylsnbb
|inactive|zylsnbb disconnected and has a minute to reconnect!
|player|p2|
|j|☆zylsnbb
|inactive|zylsnbb reconnected and has 85 seconds left.
|player|p2|zylsnbb|266|
|
|t:|1780914492
|move|p1a: Meowscarada|Flower Trick|p2a: Voyageur
|-resisted|p2a: Voyageur
|-crit|p2a: Voyageur
|-damage|p2a: Voyageur|0 fnt
|faint|p2a: Voyageur
|
|upkeep
|
|t:|1780914500
|switch|p2a: Bull's-eye|Dragapult, F|100/100
|turn|28
|
|t:|1780914505
|switch|p1a: Heatran|Heatran, F|100/100
|-item|p1a: Heatran|Air Balloon
|move|p2a: Bull's-eye|U-turn|p1a: Heatran
|-resisted|p1a: Heatran
|-damage|p1a: Heatran|97/100
|-enditem|p1a: Heatran|Air Balloon
|
|t:|1780914514
|switch|p2a: Jack|Samurott-Hisui, M|84/100 par|[from] U-turn
|
|upkeep
|turn|29
|
|t:|1780914525
|switch|p1a: Meowscarada|Meowscarada, F|84/100
|cant|p2a: Jack|par
|
|upkeep
|turn|30
|j| summmm
|
|t:|1780914553
|-terastallize|p2a: Jack|Fire
|move|p1a: Meowscarada|U-turn|p2a: Jack
|-start|p1a: Meowscarada|typechange|Bug|[from] ability: Protean
|-resisted|p2a: Jack
|-damage|p2a: Jack|58/100 par
|
|t:|1780914563
|switch|p1a: Rotom|Rotom-Wash|62/100|[from] U-turn
|cant|p2a: Jack|par
|
|upkeep
|turn|31
|
|t:|1780914572
|switch|p2a: Bull's-eye|Dragapult, F|100/100
|move|p1a: Rotom|Hydro Pump|p2a: Bull's-eye
|-resisted|p2a: Bull's-eye
|-crit|p2a: Bull's-eye
|-damage|p2a: Bull's-eye|61/100
|
|upkeep
|turn|32
|
|t:|1780914585
|switch|p1a: Heatran|Heatran, F|97/100
|move|p2a: Bull's-eye|Shadow Ball|p1a: Heatran
|-damage|p1a: Heatran|64/100
|
|upkeep
|turn|33
|
|t:|1780914593
|move|p2a: Bull's-eye|Shadow Ball|p1a: Heatran
|-damage|p1a: Heatran|33/100
|move|p1a: Heatran|Magma Storm|p2a: Bull's-eye
|-resisted|p2a: Bull's-eye
|-damage|p2a: Bull's-eye|32/100
|-activate|p2a: Bull's-eye|move: Magma Storm|[of] p1a: Heatran
|
|-damage|p2a: Bull's-eye|19/100|[from] move: Magma Storm|[partiallytrapped]
|upkeep
|turn|34
|
|t:|1780914597
|switch|p1a: Porygon2|Porygon2|39/100 par
|-ability|p1a: Porygon2|Download|boost
|-boost|p1a: Porygon2|atk|1
|move|p2a: Bull's-eye|Shadow Ball|p1a: Porygon2
|-immune|p1a: Porygon2
|
|-end|p2a: Bull's-eye|Magma Storm|[partiallytrapped]|[silent]
|upkeep
|turn|35
|
|t:|1780914601
|switch|p2a: Jack|Samurott-Hisui, M, tera:Fire|58/100 par
|move|p1a: Porygon2|Recover|p1a: Porygon2
|-heal|p1a: Porygon2|89/100 par
|
|upkeep
|turn|36
|
|t:|1780914605
|move|p2a: Jack|Ceaseless Edge|p1a: Porygon2
|-damage|p1a: Porygon2|65/100 par
|-sidestart|p1: lzw00|Spikes
|cant|p1a: Porygon2|par
|
|upkeep
|turn|37
|
|t:|1780914610
|switch|p1a: Meowscarada|Meowscarada, F|84/100
|-damage|p1a: Meowscarada|72/100|[from] Spikes
|move|p2a: Jack|Ceaseless Edge|p1a: Meowscarada
|-resisted|p1a: Meowscarada
|-damage|p1a: Meowscarada|37/100
|-sidestart|p1: lzw00|Spikes
|
|upkeep
|turn|38
|inactive|zylsnbb has 120 seconds left.
|-message|lzw00 forfeited.
|
|win|zylsnbb
|raw|lzw00's rating: 1534 &rarr; <strong>1516</strong><br />(-18 for losing)
|raw|zylsnbb's rating: 1571 &rarr; <strong>1589</strong><br />(+18 for winning)
|l|☆lzw00
|player|p1|
|l| summmm
|l|☆zylsnbb
|player|p2|
