|j|☆maddie_from_arcane
|j|☆stevstacks
|t:|1781594017
|gametype|singles
|player|p1|maddie_from_arcane|battlegirl-gen4|1531
|player|p2|stevstacks|169|1599
|gen|9
|tier|[Gen 9] OU
|rated|
|rule|HP Percentage Mod: HP is shown in percentages
|rule|Endless Battle Clause: Forcing endless battles is banned
|rule|Species Clause: Limit one of each Pokémon
|rule|OHKO Clause: OHKO moves are banned
|rule|Evasion Items Clause: Evasion items are banned
|rule|Evasion Moves Clause: Evasion moves are banned
|rule|Evasion Abilities Clause: Evasion abilities are banned
|rule|Sleep Moves Clause: Sleep-inducing moves are banned
|clearpoke
|poke|p1|Crawdaunt, M|
|poke|p1|Gliscor, M|
|poke|p1|Garganacl, M|
|poke|p1|Slither Wing|
|poke|p1|Darkrai|
|poke|p1|Iron Valiant|
|poke|p2|Torkoal, M|
|poke|p2|Corviknight, F|
|poke|p2|Walking Wake|
|poke|p2|Great Tusk|
|poke|p2|Zamazenta-*|
|poke|p2|Raging Bolt|
|teampreview
|inactive|Battle timer is ON: inactive players will automatically lose when time's up. (requested by stevstacks)
|
|t:|1781594023
|teamsize|p1|6
|teamsize|p2|6
|start
|switch|p1a: PICKUPDAPHONE|Crawdaunt, M|100/100
|switch|p2a: Great Tusk|Great Tusk, shiny|100/100
|turn|1
|
|t:|1781594026
|switch|p1a: moth mami|Slither Wing|100/100
|move|p2a: Great Tusk|Close Combat|p1a: moth mami
|-resisted|p1a: moth mami
|-damage|p1a: moth mami|69/100
|-unboost|p2a: Great Tusk|def|1
|-unboost|p2a: Great Tusk|spd|1
|-damage|p2a: Great Tusk|91/100|[from] item: Life Orb
|
|upkeep
|turn|2
|
|t:|1781594031
|-end|p2a: Great Tusk|Protosynthesis|[silent]
|switch|p2a: Torkoal|Torkoal, M, shiny|100/100
|-weather|SunnyDay|[from] ability: Drought|[of] p2a: Torkoal
|-activate|p1a: moth mami|ability: Protosynthesis
|-start|p1a: moth mami|protosynthesisatk
|move|p1a: moth mami|U-turn|p2a: Torkoal
|-resisted|p2a: Torkoal
|-damage|p2a: Torkoal|84/100
|
|t:|1781594033
|-end|p1a: moth mami|Protosynthesis|[silent]
|switch|p1a: PICKUPDAPHONE|Crawdaunt, M|100/100|[from] U-turn
|
|-weather|SunnyDay|[upkeep]
|upkeep
|turn|3
|
|t:|1781594038
|switch|p2a: Zamazenta|Zamazenta|100/100
|-ability|p2a: Zamazenta|Dauntless Shield|boost
|-boost|p2a: Zamazenta|def|1
|move|p1a: PICKUPDAPHONE|Knock Off|p2a: Zamazenta
|-resisted|p2a: Zamazenta
|-damage|p2a: Zamazenta|74/100
|-enditem|p2a: Zamazenta|Leftovers|[from] move: Knock Off|[of] p1a: PICKUPDAPHONE
|
|-weather|SunnyDay|[upkeep]
|upkeep
|turn|4
|inactive|stevstacks has 120 seconds left.
|
|t:|1781594081
|switch|p2a: Great Tusk|Great Tusk, shiny|91/100
|-activate|p2a: Great Tusk|ability: Protosynthesis
|-start|p2a: Great Tusk|protosynthesisatk
|switch|p1a: moth mami|Slither Wing|69/100
|-activate|p1a: moth mami|ability: Protosynthesis
|-start|p1a: moth mami|protosynthesisatk
|
|-weather|SunnyDay|[upkeep]
|upkeep
|turn|5
|
|t:|1781594092
|move|p2a: Great Tusk|Headlong Rush|p1a: moth mami
|-resisted|p1a: moth mami
|-damage|p1a: moth mami|29/100
|-unboost|p2a: Great Tusk|def|1
|-unboost|p2a: Great Tusk|spd|1
|-damage|p2a: Great Tusk|81/100|[from] item: Life Orb
|move|p1a: moth mami|Morning Sun|p1a: moth mami
|-heal|p1a: moth mami|95/100
|
|-weather|SunnyDay|[upkeep]
|upkeep
|turn|6
|
|t:|1781594096
|move|p2a: Great Tusk|Knock Off|p1a: moth mami
|-resisted|p1a: moth mami
|-damage|p1a: moth mami|72/100
|-enditem|p1a: moth mami|Heavy-Duty Boots|[from] move: Knock Off|[of] p2a: Great Tusk
|-damage|p2a: Great Tusk|71/100|[from] item: Life Orb
|move|p1a: moth mami|Will-O-Wisp|p2a: Great Tusk
|-status|p2a: Great Tusk|brn
|
|-weather|SunnyDay|[upkeep]
|-damage|p2a: Great Tusk|64/100 brn|[from] brn
|upkeep
|turn|7
|
|t:|1781594100
|-end|p2a: Great Tusk|Protosynthesis|[silent]
|switch|p2a: Corviknight|Corviknight, F, shiny|100/100
|-ability|p2a: Corviknight|Pressure
|move|p1a: moth mami|U-turn|p2a: Corviknight
|-resisted|p2a: Corviknight
|-damage|p2a: Corviknight|92/100
|
|t:|1781594104
|-end|p1a: moth mami|Protosynthesis|[silent]
|switch|p1a: PICKUPDAPHONE|Crawdaunt, M|100/100|[from] U-turn
|
|-weather|SunnyDay|[upkeep]
|-heal|p2a: Corviknight|98/100|[from] item: Leftovers
|upkeep
|turn|8
|
|t:|1781594107
|move|p1a: PICKUPDAPHONE|Knock Off|p2a: Corviknight
|-damage|p2a: Corviknight|8/100
|-enditem|p2a: Corviknight|Leftovers|[from] move: Knock Off|[of] p1a: PICKUPDAPHONE
|move|p2a: Corviknight|U-turn|p1a: PICKUPDAPHONE
|-supereffective|p1a: PICKUPDAPHONE
|-damage|p1a: PICKUPDAPHONE|56/100
|
|t:|1781594108
|switch|p2a: Walking Wake|Walking Wake|100/100|[from] U-turn
|-activate|p2a: Walking Wake|ability: Protosynthesis
|-start|p2a: Walking Wake|protosynthesisspe
|
|-weather|SunnyDay|[upkeep]
|upkeep
|turn|9
|
|t:|1781594121
|switch|p1a: moth mami|Slither Wing|72/100
|-activate|p1a: moth mami|ability: Protosynthesis
|-start|p1a: moth mami|protosynthesisatk
|move|p2a: Walking Wake|Hydro Steam|p1a: moth mami
|-damage|p1a: moth mami|14/100
|
|-weather|none
|-end|p2a: Walking Wake|Protosynthesis
|-end|p1a: moth mami|Protosynthesis
|upkeep
|turn|10
|
|t:|1781594136
|move|p2a: Walking Wake|Hydro Steam|p1a: moth mami
|-damage|p1a: moth mami|0 fnt
|faint|p1a: moth mami
|-end|p1a: moth mami|Protosynthesis|[silent]
|
|upkeep
|
|t:|1781594138
|switch|p1a: PICKUPDAPHONE|Crawdaunt, M|56/100
|turn|11
|
|t:|1781594152
|move|p2a: Walking Wake|Draco Meteor|p1a: PICKUPDAPHONE
|-damage|p1a: PICKUPDAPHONE|0 fnt
|-unboost|p2a: Walking Wake|spa|2
|faint|p1a: PICKUPDAPHONE
|
|upkeep
|
|t:|1781594155
|switch|p1a: setup sleeper|Garganacl, M|100/100
|turn|12
|
|t:|1781594160
|move|p2a: Walking Wake|Flip Turn|p1a: setup sleeper
|-supereffective|p1a: setup sleeper
|-damage|p1a: setup sleeper|75/100
|
|t:|1781594163
|-end|p2a: Walking Wake|Protosynthesis|[silent]
|switch|p2a: Great Tusk|Great Tusk, shiny|64/100 brn|[from] Flip Turn
|move|p1a: setup sleeper|Curse|p1a: setup sleeper
|-unboost|p1a: setup sleeper|spe|1
|-boost|p1a: setup sleeper|atk|1
|-boost|p1a: setup sleeper|def|1
|
|-heal|p1a: setup sleeper|81/100|[from] item: Leftovers
|-damage|p2a: Great Tusk|58/100 brn|[from] brn
|upkeep
|turn|13
|
|t:|1781594170
|move|p2a: Great Tusk|Knock Off|p1a: setup sleeper
|-damage|p1a: setup sleeper|71/100
|-enditem|p1a: setup sleeper|Leftovers|[from] move: Knock Off|[of] p2a: Great Tusk
|-damage|p2a: Great Tusk|48/100 brn|[from] item: Life Orb
|move|p1a: setup sleeper|Curse|p1a: setup sleeper
|-unboost|p1a: setup sleeper|spe|1
|-boost|p1a: setup sleeper|atk|1
|-boost|p1a: setup sleeper|def|1
|
|-damage|p2a: Great Tusk|42/100 brn|[from] brn
|upkeep
|turn|14
|
|t:|1781594190
|move|p2a: Great Tusk|Headlong Rush|p1a: setup sleeper
|-supereffective|p1a: setup sleeper
|-damage|p1a: setup sleeper|44/100
|-unboost|p2a: Great Tusk|def|1
|-unboost|p2a: Great Tusk|spd|1
|-damage|p2a: Great Tusk|32/100 brn|[from] item: Life Orb
|move|p1a: setup sleeper|Recover|p1a: setup sleeper
|-heal|p1a: setup sleeper|94/100
|
|-damage|p2a: Great Tusk|26/100 brn|[from] brn
|upkeep
|turn|15
|
|t:|1781594194
|move|p2a: Great Tusk|Headlong Rush|p1a: setup sleeper
|-supereffective|p1a: setup sleeper
|-damage|p1a: setup sleeper|67/100
|-unboost|p2a: Great Tusk|def|1
|-unboost|p2a: Great Tusk|spd|1
|-damage|p2a: Great Tusk|16/100 brn|[from] item: Life Orb
|move|p1a: setup sleeper|Curse|p1a: setup sleeper
|-unboost|p1a: setup sleeper|spe|1
|-boost|p1a: setup sleeper|atk|1
|-boost|p1a: setup sleeper|def|1
|
|-damage|p2a: Great Tusk|10/100 brn|[from] brn
|upkeep
|turn|16
|
|t:|1781594198
|-end|p2a: Great Tusk|Protosynthesis|[silent]
|switch|p2a: Torkoal|Torkoal, M, shiny|84/100
|-weather|SunnyDay|[from] ability: Drought|[of] p2a: Torkoal
|move|p1a: setup sleeper|Recover|p1a: setup sleeper
|-heal|p1a: setup sleeper|100/100
|
|-weather|SunnyDay|[upkeep]
|upkeep
|turn|17
|
|t:|1781594203
|switch|p2a: Great Tusk|Great Tusk, shiny|10/100 brn
|-activate|p2a: Great Tusk|ability: Protosynthesis
|-start|p2a: Great Tusk|protosynthesisatk
|move|p1a: setup sleeper|Salt Cure|p2a: Great Tusk
|-resisted|p2a: Great Tusk
|-damage|p2a: Great Tusk|3/100 brn
|-start|p2a: Great Tusk|Salt Cure
|
|-weather|SunnyDay|[upkeep]
|-damage|p2a: Great Tusk|0 fnt|[from] brn
|faint|p2a: Great Tusk
|-end|p2a: Great Tusk|Protosynthesis|[silent]
|upkeep
|
|t:|1781594204
|switch|p2a: Raging Bolt|Raging Bolt|100/100
|-activate|p2a: Raging Bolt|ability: Protosynthesis
|-start|p2a: Raging Bolt|protosynthesisspa
|turn|18
|
|t:|1781594213
|move|p2a: Raging Bolt|Draco Meteor|p1a: setup sleeper
|-damage|p1a: setup sleeper|2/100
|-unboost|p2a: Raging Bolt|spa|2
|move|p1a: setup sleeper|Recover|p1a: setup sleeper
|-heal|p1a: setup sleeper|52/100
|
|-weather|SunnyDay|[upkeep]
|upkeep
|turn|19
|
|t:|1781594222
|move|p2a: Raging Bolt|Draco Meteor|p1a: setup sleeper
|-damage|p1a: setup sleeper|4/100
|-unboost|p2a: Raging Bolt|spa|2
|move|p1a: setup sleeper|Recover|p1a: setup sleeper
|-heal|p1a: setup sleeper|54/100
|
|-weather|SunnyDay|[upkeep]
|upkeep
|turn|20
|
|t:|1781594230
|-end|p2a: Raging Bolt|Protosynthesis|[silent]
|switch|p2a: Walking Wake|Walking Wake|100/100
|-activate|p2a: Walking Wake|ability: Protosynthesis
|-start|p2a: Walking Wake|protosynthesisspe
|move|p1a: setup sleeper|Earthquake|p2a: Walking Wake
|-damage|p2a: Walking Wake|44/100
|
|-weather|SunnyDay|[upkeep]
|upkeep
|turn|21
|
|t:|1781594239
|-terastallize|p1a: setup sleeper|Water
|move|p2a: Walking Wake|Hydro Steam|p1a: setup sleeper
|-resisted|p1a: setup sleeper
|-damage|p1a: setup sleeper|28/100
|move|p1a: setup sleeper|Recover|p1a: setup sleeper
|-heal|p1a: setup sleeper|78/100
|
|-weather|SunnyDay|[upkeep]
|upkeep
|turn|22
|
|t:|1781594246
|move|p2a: Walking Wake|Hydro Steam|p1a: setup sleeper
|-resisted|p1a: setup sleeper
|-damage|p1a: setup sleeper|52/100
|move|p1a: setup sleeper|Salt Cure|p2a: Walking Wake
|-damage|p2a: Walking Wake|9/100
|-start|p2a: Walking Wake|Salt Cure
|
|-weather|SunnyDay|[upkeep]
|-damage|p2a: Walking Wake|0 fnt|[from] Salt Cure
|faint|p2a: Walking Wake
|-end|p2a: Walking Wake|Protosynthesis|[silent]
|upkeep
|
|t:|1781594249
|switch|p2a: Raging Bolt|Raging Bolt|100/100
|-activate|p2a: Raging Bolt|ability: Protosynthesis
|-start|p2a: Raging Bolt|protosynthesisspa
|turn|23
|
|t:|1781594255
|switch|p1a: knocked by james|Gliscor, M|100/100
|move|p2a: Raging Bolt|Dragon Pulse|p1a: knocked by james
|-damage|p1a: knocked by james|28/100
|
|-weather|none
|-end|p2a: Raging Bolt|Protosynthesis
|-status|p1a: knocked by james|tox|[from] item: Toxic Orb
|upkeep
|turn|24
|
|t:|1781594265
|switch|p1a: forever a png|Iron Valiant|100/100
|move|p2a: Raging Bolt|Dragon Pulse|p1a: forever a png
|-immune|p1a: forever a png
|
|upkeep
|turn|25
|
|t:|1781594273
|-end|p2a: Raging Bolt|Protosynthesis|[silent]
|switch|p2a: Torkoal|Torkoal, M, shiny|84/100
|-weather|SunnyDay|[from] ability: Drought|[of] p2a: Torkoal
|move|p1a: forever a png|Close Combat|p2a: Torkoal
|-damage|p2a: Torkoal|34/100
|-unboost|p1a: forever a png|def|1
|-unboost|p1a: forever a png|spd|1
|
|-weather|SunnyDay|[upkeep]
|upkeep
|turn|26
|
|t:|1781594280
|move|p1a: forever a png|Close Combat|p2a: Torkoal
|-damage|p2a: Torkoal|0 fnt
|-unboost|p1a: forever a png|def|1
|-unboost|p1a: forever a png|spd|1
|faint|p2a: Torkoal
|
|-weather|SunnyDay|[upkeep]
|upkeep
|
|t:|1781594283
|switch|p2a: Raging Bolt|Raging Bolt|100/100
|-activate|p2a: Raging Bolt|ability: Protosynthesis
|-start|p2a: Raging Bolt|protosynthesisspa
|turn|27
|
|t:|1781594296
|-end|p1a: forever a png|Quark Drive|[silent]
|switch|p1a: knocked by james|Gliscor, M|28/100 tox
|move|p2a: Raging Bolt|Weather Ball|p1a: knocked by james
|-damage|p1a: knocked by james|0 fnt
|faint|p1a: knocked by james
|
|-weather|SunnyDay|[upkeep]
|upkeep
|
|t:|1781594301
|switch|p1a: setup sleeper|Garganacl, M, tera:Water|52/100
|turn|28
|
|t:|1781594304
|-end|p2a: Raging Bolt|Protosynthesis|[silent]
|switch|p2a: Zamazenta|Zamazenta|74/100
|move|p1a: setup sleeper|Recover|p1a: setup sleeper
|-heal|p1a: setup sleeper|100/100
|
|-weather|SunnyDay|[upkeep]
|upkeep
|turn|29
|
|t:|1781594307
|move|p2a: Zamazenta|Iron Defense|p2a: Zamazenta
|-boost|p2a: Zamazenta|def|2
|move|p1a: setup sleeper|Salt Cure|p2a: Zamazenta
|-resisted|p2a: Zamazenta
|-damage|p2a: Zamazenta|72/100
|-start|p2a: Zamazenta|Salt Cure
|
|-weather|SunnyDay|[upkeep]
|-damage|p2a: Zamazenta|59/100|[from] Salt Cure
|upkeep
|turn|30
|
|t:|1781594313
|move|p2a: Zamazenta|Body Press|p1a: setup sleeper
|-damage|p1a: setup sleeper|56/100
|move|p1a: setup sleeper|Curse|p1a: setup sleeper
|-unboost|p1a: setup sleeper|spe|1
|-boost|p1a: setup sleeper|atk|1
|-boost|p1a: setup sleeper|def|1
|
|-weather|SunnyDay|[upkeep]
|-damage|p2a: Zamazenta|47/100|[from] Salt Cure
|upkeep
|turn|31
|
|t:|1781594323
|move|p1a: setup sleeper|Earthquake|p2a: Zamazenta
|-crit|p2a: Zamazenta
|-damage|p2a: Zamazenta|9/100
|move|p2a: Zamazenta|Roar|p1a: setup sleeper
|drag|p1a: krampus|Darkrai|100/100
|
|-weather|SunnyDay|[upkeep]
|-damage|p2a: Zamazenta|0 fnt|[from] Salt Cure
|faint|p2a: Zamazenta
|upkeep
|
|t:|1781594329
|switch|p2a: Raging Bolt|Raging Bolt|100/100
|-activate|p2a: Raging Bolt|ability: Protosynthesis
|-start|p2a: Raging Bolt|protosynthesisspa
|turn|32
|
|t:|1781594338
|move|p1a: krampus|Ice Beam|p2a: Raging Bolt
|-supereffective|p2a: Raging Bolt
|-damage|p2a: Raging Bolt|39/100
|move|p2a: Raging Bolt|Dragon Pulse|p1a: krampus
|-damage|p1a: krampus|0 fnt
|faint|p1a: krampus
|
|-weather|none
|-end|p2a: Raging Bolt|Protosynthesis
|upkeep
|
|t:|1781594341
|switch|p1a: forever a png|Iron Valiant|100/100
|turn|33
|
|t:|1781594365
|-end|p2a: Raging Bolt|Protosynthesis|[silent]
|switch|p2a: Corviknight|Corviknight, F, shiny|8/100
|-ability|p2a: Corviknight|Pressure
|move|p1a: forever a png|Moonblast|p2a: Corviknight
|-resisted|p2a: Corviknight
|-damage|p2a: Corviknight|0 fnt
|faint|p2a: Corviknight
|
|upkeep
|
|t:|1781594367
|switch|p2a: Raging Bolt|Raging Bolt|39/100
|turn|34
|inactive|maddie_from_arcane has 120 seconds left.
|
|t:|1781594399
|-terastallize|p2a: Raging Bolt|Flying
|move|p1a: forever a png|Encore||[still]
|-fail|p1a: forever a png
|move|p2a: Raging Bolt|Weather Ball|p1a: forever a png
|-damage|p1a: forever a png|49/100
|
|upkeep
|turn|35
|inactive|maddie_from_arcane has 120 seconds left.
|c|☆maddie_from_arcane|wait wat
|
|t:|1781594427
|move|p1a: forever a png|Moonblast|p2a: Raging Bolt
|-damage|p2a: Raging Bolt|1/100
|-unboost|p2a: Raging Bolt|spa|1
|move|p2a: Raging Bolt|Weather Ball|p1a: forever a png
|-damage|p1a: forever a png|15/100
|
|upkeep
|turn|36
|
|t:|1781594430
|move|p1a: forever a png|Moonblast|p2a: Raging Bolt
|-damage|p2a: Raging Bolt|0 fnt
|faint|p2a: Raging Bolt
|-end|p2a: Raging Bolt|Protosynthesis|[silent]
|
|win|maddie_from_arcane
|raw|maddie_from_arcane's rating: 1531 &rarr; <strong>1555</strong><br />(+24 for winning)
|raw|stevstacks's rating: 1599 &rarr; <strong>1575</strong><br />(-24 for losing)
|c|☆maddie_from_arcane|wait
|c|☆maddie_from_arcane|wat
|l|☆stevstacks
|player|p2|
|c|☆maddie_from_arcane|no calp
|l|☆maddie_from_arcane
|player|p1|
