|j|☆Klopple
|j|☆Trainer #39
|t:|1781029173
|gametype|singles
|player|p1|Klopple|sailor|1721
|player|p2|Trainer #39|bugsy|1737
|gen|9
|tier|[Gen 9] OU
|rated|
|rule|HP Percentage Mod: HP is shown in percentages
|rule|Endless Battle Clause: Forcing endless battles is banned
|rule|Species Clause: Limit one of each Pokémon
|rule|OHKO Clause: OHKO moves are banned
|rule|Evasion Items Clause: Evasion items are banned
|rule|Evasion Moves Clause: Evasion moves are banned
|rule|Evasion Abilities Clause: Evasion abilities are banned
|rule|Sleep Moves Clause: Sleep-inducing moves are banned
|clearpoke
|poke|p1|Arboliva, F|
|poke|p1|Gliscor, M|
|poke|p1|Iron Crown|
|poke|p1|Zamazenta-*|
|poke|p1|Hatterene, F|
|poke|p1|Dragonite, M|
|poke|p2|Blissey, F|
|poke|p2|Corviknight, M|
|poke|p2|Dondozo, M|
|poke|p2|Gliscor, M|
|poke|p2|Clefable, M|
|poke|p2|Slowking-Galar, M|
|teampreview
|
|t:|1781029181
|teamsize|p1|6
|teamsize|p2|6
|start
|switch|p1a: Gliscor|Gliscor, M|100/100
|switch|p2a: Free Palestine|Gliscor, M|100/100
|turn|1
|
|t:|1781029184
|move|p2a: Free Palestine|Protect|p2a: Free Palestine
|-singleturn|p2a: Free Palestine|Protect
|move|p1a: Gliscor|Protect||[still]
|-fail|p1a: Gliscor
|
|-status|p2a: Free Palestine|tox|[from] item: Toxic Orb
|-status|p1a: Gliscor|tox|[from] item: Toxic Orb
|upkeep
|turn|2
|
|t:|1781029190
|switch|p2a: Trump is low IQ|Corviknight, M|100/100
|-ability|p2a: Trump is low IQ|Pressure
|move|p1a: Gliscor|Stealth Rock|p2a: Trump is low IQ
|-sidestart|p2: Trainer #39|move: Stealth Rock
|
|upkeep
|turn|3
|
|t:|1781029194
|move|p1a: Gliscor|Knock Off|p2a: Trump is low IQ
|-damage|p2a: Trump is low IQ|88/100
|-damage|p1a: Gliscor|84/100 tox|[from] item: Rocky Helmet|[of] p2a: Trump is low IQ
|-enditem|p2a: Trump is low IQ|Rocky Helmet|[from] move: Knock Off|[of] p1a: Gliscor
|move|p2a: Trump is low IQ|Defog|p1a: Gliscor
|-unboost|p1a: Gliscor|evasion|1
|-sideend|p2: Trainer #39|Stealth Rock|[from] move: Defog|[of] p2a: Trump is low IQ
|
|-heal|p1a: Gliscor|97/100 tox|[from] ability: Poison Heal
|upkeep
|turn|4
|
|t:|1781029200
|move|p1a: Gliscor|Stealth Rock|p2a: Trump is low IQ
|-sidestart|p2: Trainer #39|move: Stealth Rock
|move|p2a: Trump is low IQ|Brave Bird|p1a: Gliscor
|-damage|p1a: Gliscor|69/100 tox
|-damage|p2a: Trump is low IQ|80/100|[from] Recoil
|
|-heal|p1a: Gliscor|81/100 tox|[from] ability: Poison Heal
|upkeep
|turn|5
|
|t:|1781029206
|move|p1a: Gliscor|Knock Off|p2a: Trump is low IQ
|-damage|p2a: Trump is low IQ|72/100
|move|p2a: Trump is low IQ|Defog|p1a: Gliscor
|-unboost|p1a: Gliscor|evasion|1
|-sideend|p2: Trainer #39|Stealth Rock|[from] move: Defog|[of] p2a: Trump is low IQ
|
|-heal|p1a: Gliscor|94/100 tox|[from] ability: Poison Heal
|upkeep
|turn|6
|
|t:|1781029213
|move|p1a: Gliscor|Stealth Rock|p2a: Trump is low IQ
|-sidestart|p2: Trainer #39|move: Stealth Rock
|move|p2a: Trump is low IQ|Brave Bird|p1a: Gliscor
|-damage|p1a: Gliscor|63/100 tox
|-damage|p2a: Trump is low IQ|63/100|[from] Recoil
|
|-heal|p1a: Gliscor|76/100 tox|[from] ability: Poison Heal
|upkeep
|turn|7
|
|t:|1781029221
|switch|p1a: Iron Crown|Iron Crown|100/100
|move|p2a: Trump is low IQ|Defog|p1a: Iron Crown
|-unboost|p1a: Iron Crown|evasion|1
|-sideend|p2: Trainer #39|Stealth Rock|[from] move: Defog|[of] p2a: Trump is low IQ
|
|upkeep
|turn|8
|
|t:|1781029229
|switch|p2a: Save Sudan|Slowking-Galar, M|100/100
|move|p1a: Iron Crown|Future Sight|p2a: Save Sudan
|-start|p1a: Iron Crown|move: Future Sight
|
|upkeep
|turn|9
|inactive|Battle timer is ON: inactive players will automatically lose when time's up. (requested by Trainer #39)
|
|t:|1781029234
|move|p1a: Iron Crown|Volt Switch|p2a: Save Sudan
|-damage|p2a: Save Sudan|83/100
|
|t:|1781029239
|-end|p1a: Iron Crown|Quark Drive|[silent]
|switch|p1a: Gliscor|Gliscor, M|76/100 tox|[from] Volt Switch
|move|p2a: Save Sudan|Thunder Wave|p1a: Gliscor
|-immune|p1a: Gliscor
|
|-heal|p1a: Gliscor|88/100 tox|[from] ability: Poison Heal
|upkeep
|turn|10
|
|t:|1781029249
|switch|p2a: Trump is low IQ|Corviknight, M|63/100
|-ability|p2a: Trump is low IQ|Pressure
|switch|p1a: Iron Crown|Iron Crown|100/100
|
|-end|p2a: Trump is low IQ|move: Future Sight
|-resisted|p2a: Trump is low IQ
|-damage|p2a: Trump is low IQ|32/100
|upkeep
|turn|11
|
|t:|1781029256
|switch|p2a: Save Sudan|Slowking-Galar, M|100/100
|move|p1a: Iron Crown|Psychic Noise|p2a: Save Sudan
|-damage|p2a: Save Sudan|71/100
|-start|p2a: Save Sudan|move: Heal Block
|
|upkeep
|turn|12
|
|t:|1781029261
|move|p1a: Iron Crown|Volt Switch|p2a: Save Sudan
|-damage|p2a: Save Sudan|53/100
|
|t:|1781029265
|-end|p1a: Iron Crown|Quark Drive|[silent]
|switch|p1a: Arboliva|Arboliva, F|100/100|[from] Volt Switch
|move|p2a: Save Sudan|Trick|p1a: Arboliva
|-activate|p2a: Save Sudan|move: Trick|[of] p1a: Arboliva
|-item|p1a: Arboliva|Choice Scarf|[from] move: Trick
|-item|p2a: Save Sudan|Custap Berry|[from] move: Trick
|
|-end|p2a: Save Sudan|move: Heal Block
|upkeep
|turn|13
|
|t:|1781029274
|switch|p1a: Gliscor|Gliscor, M|88/100 tox
|move|p2a: Save Sudan|Future Sight|p1a: Gliscor
|-start|p2a: Save Sudan|move: Future Sight
|
|-heal|p1a: Gliscor|100/100 tox|[from] ability: Poison Heal
|upkeep
|turn|14
|
|t:|1781029283
|switch|p2a: Trump is low IQ|Corviknight, M|32/100
|-ability|p2a: Trump is low IQ|Pressure
|move|p1a: Gliscor|Stealth Rock|p2a: Trump is low IQ
|-sidestart|p2: Trainer #39|move: Stealth Rock
|
|upkeep
|turn|15
|
|t:|1781029288
|switch|p1a: Iron Crown|Iron Crown|100/100
|move|p2a: Trump is low IQ|Defog|p1a: Iron Crown
|-unboost|p1a: Iron Crown|evasion|1
|-sideend|p2: Trainer #39|Stealth Rock|[from] move: Defog|[of] p2a: Trump is low IQ
|
|-end|p1a: Iron Crown|move: Future Sight
|-resisted|p1a: Iron Crown
|-damage|p1a: Iron Crown|94/100
|upkeep
|turn|16
|
|t:|1781029297
|switch|p2a: Save Sudan|Slowking-Galar, M|86/100
|move|p1a: Iron Crown|Future Sight|p2a: Save Sudan
|-start|p1a: Iron Crown|move: Future Sight
|
|upkeep
|turn|17
|
|t:|1781029304
|switch|p2a: Free Palestine|Gliscor, M|100/100 tox
|move|p1a: Iron Crown|Volt Switch|p2a: Free Palestine
|-immune|p2a: Free Palestine
|
|upkeep
|turn|18
|
|t:|1781029310
|switch|p2a: Save Sudan|Slowking-Galar, M|100/100
|move|p1a: Iron Crown|Tachyon Cutter|p2a: Save Sudan
|-damage|p2a: Save Sudan|80/100
|-damage|p2a: Save Sudan|62/100
|-hitcount|p2a: Save Sudan|2
|
|-end|p2a: Save Sudan|move: Future Sight
|-damage|p2a: Save Sudan|15/100
|upkeep
|turn|19
|
|t:|1781029322
|switch|p2a: brat|Blissey, F|100/100
|move|p1a: Iron Crown|Psychic Noise|p2a: brat
|-damage|p2a: brat|89/100
|-start|p2a: brat|move: Heal Block
|
|upkeep
|turn|20
|
|t:|1781029328
|move|p1a: Iron Crown|Volt Switch|p2a: brat
|-damage|p2a: brat|81/100
|
|t:|1781029330
|-end|p1a: Iron Crown|Quark Drive|[silent]
|switch|p1a: Hatterene|Hatterene, F|100/100|[from] Volt Switch
|move|p2a: brat|Calm Mind|p2a: brat
|-boost|p2a: brat|spa|1
|-boost|p2a: brat|spd|1
|
|-end|p2a: brat|move: Heal Block
|upkeep
|turn|21
|
|t:|1781029336
|move|p2a: brat|Shadow Ball|p1a: Hatterene
|-supereffective|p1a: Hatterene
|-damage|p1a: Hatterene|53/100
|move|p1a: Hatterene|Nuzzle|p2a: brat
|-damage|p2a: brat|76/100
|-status|p2a: brat|par
|
|upkeep
|turn|22
|
|t:|1781029340
|-curestatus|p2a: brat|par|[from] ability: Natural Cure|[silent]
|switch|p2a: Save Sudan|Slowking-Galar, M|49/100
|move|p1a: Hatterene|Pain Split|p2a: Save Sudan
|-sethp|p2a: Save Sudan|49/100|[from] move: Pain Split|[silent]
|-sethp|p1a: Hatterene|53/100|[from] move: Pain Split
|
|upkeep
|turn|23
|j| arturohdez
|
|t:|1781029353
|switch|p1a: Iron Crown|Iron Crown|94/100
|move|p2a: Save Sudan|Sludge Bomb|p1a: Iron Crown
|-immune|p1a: Iron Crown
|
|upkeep
|turn|24
|l| arturohdez
|
|t:|1781029360
|switch|p2a: brat|Blissey, F|76/100
|move|p1a: Iron Crown|Volt Switch|p2a: brat
|-damage|p2a: brat|68/100
|
|t:|1781029370
|-end|p1a: Iron Crown|Quark Drive|[silent]
|switch|p1a: Hatterene|Hatterene, F|53/100|[from] Volt Switch
|
|upkeep
|turn|25
|
|t:|1781029379
|switch|p2a: Save Sudan|Slowking-Galar, M|82/100
|move|p1a: Hatterene|Psychic Noise|p2a: Save Sudan
|-damage|p2a: Save Sudan|57/100
|-start|p2a: Save Sudan|move: Heal Block
|
|upkeep
|turn|26
|
|t:|1781029386
|switch|p1a: Gliscor|Gliscor, M|100/100 tox
|move|p2a: Save Sudan|Future Sight|p1a: Gliscor
|-start|p2a: Save Sudan|move: Future Sight
|
|-end|p2a: Save Sudan|move: Heal Block
|upkeep
|turn|27
|
|t:|1781029393
|switch|p2a: Trump is low IQ|Corviknight, M|32/100
|-ability|p2a: Trump is low IQ|Pressure
|move|p1a: Gliscor|Stealth Rock|p2a: Trump is low IQ
|-sidestart|p2: Trainer #39|move: Stealth Rock
|
|upkeep
|turn|28
|
|t:|1781029396
|switch|p1a: Iron Crown|Iron Crown|94/100
|move|p2a: Trump is low IQ|Defog|p1a: Iron Crown
|-unboost|p1a: Iron Crown|evasion|1
|-sideend|p2: Trainer #39|Stealth Rock|[from] move: Defog|[of] p2a: Trump is low IQ
|
|-end|p1a: Iron Crown|move: Future Sight
|-resisted|p1a: Iron Crown
|-damage|p1a: Iron Crown|86/100
|upkeep
|turn|29
|j| Lowladderubersnoob
|
|t:|1781029403
|switch|p2a: brat|Blissey, F|68/100
|move|p1a: Iron Crown|Psychic Noise|p2a: brat
|-damage|p2a: brat|54/100
|-start|p2a: brat|move: Heal Block
|
|upkeep
|turn|30
|
|t:|1781029410
|move|p1a: Iron Crown|Future Sight|p2a: brat
|-start|p1a: Iron Crown|move: Future Sight
|move|p2a: brat|Calm Mind|p2a: brat
|-boost|p2a: brat|spa|1
|-boost|p2a: brat|spd|1
|
|-end|p2a: brat|move: Heal Block
|upkeep
|turn|31
|
|t:|1781029414
|move|p1a: Iron Crown|Psychic Noise|p2a: brat
|-damage|p2a: brat|45/100
|-start|p2a: brat|move: Heal Block
|move|p2a: brat|Shadow Ball|p1a: Iron Crown
|-supereffective|p1a: Iron Crown
|-damage|p1a: Iron Crown|56/100
|
|upkeep
|turn|32
|
|t:|1781029421
|move|p1a: Iron Crown|Volt Switch|p2a: brat
|-damage|p2a: brat|40/100
|
|t:|1781029431
|-end|p1a: Iron Crown|Quark Drive|[silent]
|switch|p1a: Gliscor|Gliscor, M|100/100 tox|[from] Volt Switch
|move|p2a: brat|Shadow Ball|p1a: Gliscor
|-damage|p1a: Gliscor|81/100 tox
|
|-end|p2a: brat|move: Future Sight
|-damage|p2a: brat|27/100
|-heal|p1a: Gliscor|93/100 tox|[from] ability: Poison Heal
|-end|p2a: brat|move: Heal Block
|upkeep
|turn|33
|
|t:|1781029443
|switch|p2a: Trump is low IQ|Corviknight, M|32/100
|-ability|p2a: Trump is low IQ|Pressure
|move|p1a: Gliscor|Stealth Rock|p2a: Trump is low IQ
|-sidestart|p2: Trainer #39|move: Stealth Rock
|
|-heal|p1a: Gliscor|100/100 tox|[from] ability: Poison Heal
|upkeep
|turn|34
|
|t:|1781029446
|switch|p1a: Iron Crown|Iron Crown|56/100
|move|p2a: Trump is low IQ|Defog|p1a: Iron Crown
|-unboost|p1a: Iron Crown|evasion|1
|-sideend|p2: Trainer #39|Stealth Rock|[from] move: Defog|[of] p2a: Trump is low IQ
|
|upkeep
|turn|35
|
|t:|1781029452
|switch|p2a: Free Palestine|Gliscor, M|100/100 tox
|move|p1a: Iron Crown|Future Sight|p2a: Free Palestine
|-start|p1a: Iron Crown|move: Future Sight
|
|upkeep
|turn|36
|
|t:|1781029456
|-end|p1a: Iron Crown|Quark Drive|[silent]
|switch|p1a: Hatterene|Hatterene, F|53/100
|move|p2a: Free Palestine|Earthquake|p1a: Hatterene
|-damage|p1a: Hatterene|29/100
|
|upkeep
|turn|37
|
|t:|1781029464
|move|p2a: Free Palestine|Protect|p2a: Free Palestine
|-singleturn|p2a: Free Palestine|Protect
|move|p1a: Hatterene|Psychic Noise|p2a: Free Palestine
|-activate|p2a: Free Palestine|move: Protect
|
|-end|p2a: Free Palestine|move: Future Sight
|-damage|p2a: Free Palestine|31/100 tox
|-heal|p2a: Free Palestine|43/100 tox|[from] ability: Poison Heal
|upkeep
|turn|38
|
|t:|1781029468
|switch|p2a: brat|Blissey, F|27/100
|move|p1a: Hatterene|Psychic Noise|p2a: brat
|-damage|p2a: brat|15/100
|-start|p2a: brat|move: Heal Block
|
|upkeep
|turn|39
|
|t:|1781029478
|move|p2a: brat|Shadow Ball|p1a: Hatterene
|-supereffective|p1a: Hatterene
|-damage|p1a: Hatterene|0 fnt
|faint|p1a: Hatterene
|
|-end|p2a: brat|move: Heal Block
|upkeep
|
|t:|1781029485
|switch|p1a: Iron Crown|Iron Crown|56/100
|turn|40
|
|t:|1781029487
|switch|p2a: Save Sudan|Slowking-Galar, M|90/100
|move|p1a: Iron Crown|Psychic Noise|p2a: Save Sudan
|-damage|p2a: Save Sudan|63/100
|-start|p2a: Save Sudan|move: Heal Block
|
|upkeep
|turn|41
|l| Lowladderubersnoob
|
|t:|1781029494
|move|p1a: Iron Crown|Future Sight|p2a: Save Sudan
|-start|p1a: Iron Crown|move: Future Sight
|move|p2a: Save Sudan|Thunder Wave|p1a: Iron Crown
|-status|p1a: Iron Crown|par
|
|-end|p2a: Save Sudan|move: Heal Block
|upkeep
|turn|42
|
|t:|1781029501
|move|p2a: Save Sudan|Future Sight|p1a: Iron Crown
|-start|p2a: Save Sudan|move: Future Sight
|move|p1a: Iron Crown|Tachyon Cutter|p2a: Save Sudan
|-damage|p2a: Save Sudan|45/100
|-damage|p2a: Save Sudan|25/100
|-hitcount|p2a: Save Sudan|2
|
|upkeep
|turn|43
|-enditem|p2a: Save Sudan|Custap Berry|[eat]
|-activate|p2a: Save Sudan|item: Custap Berry|[consumed]
|
|t:|1781029508
|move|p2a: Save Sudan|Trick|p1a: Iron Crown
|-activate|p2a: Save Sudan|move: Trick|[of] p1a: Iron Crown
|-enditem|p1a: Iron Crown|Assault Vest|[silent]|[from] move: Trick
|-item|p2a: Save Sudan|Assault Vest|[from] move: Trick
|move|p1a: Iron Crown|Tachyon Cutter|p2a: Save Sudan
|-damage|p2a: Save Sudan|13/100
|-damage|p2a: Save Sudan|0 fnt
|faint|p2a: Save Sudan
|-hitcount|p2: Save Sudan|2
|
|-hint|Future Sight did not hit because the target is fainted.
|upkeep
|
|t:|1781029516
|switch|p2a: Free Palestine|Gliscor, M|43/100 tox
|turn|44
|j| Mak7XZ
|
|t:|1781029523
|-end|p1a: Iron Crown|Quark Drive|[silent]
|switch|p1a: Gliscor|Gliscor, M|100/100 tox
|move|p2a: Free Palestine|Earthquake|p1a: Gliscor
|-immune|p1a: Gliscor
|
|-end|p1a: Gliscor|move: Future Sight
|-damage|p1a: Gliscor|64/100 tox
|-heal|p2a: Free Palestine|56/100 tox|[from] ability: Poison Heal
|-heal|p1a: Gliscor|77/100 tox|[from] ability: Poison Heal
|upkeep
|turn|45
|
|t:|1781029528
|switch|p2a: Trump is low IQ|Corviknight, M|32/100
|-ability|p2a: Trump is low IQ|Pressure
|move|p1a: Gliscor|Stealth Rock|p2a: Trump is low IQ
|-sidestart|p2: Trainer #39|move: Stealth Rock
|
|-heal|p1a: Gliscor|89/100 tox|[from] ability: Poison Heal
|upkeep
|turn|46
|
|t:|1781029533
|switch|p1a: Zamazenta|Zamazenta|100/100
|-ability|p1a: Zamazenta|Dauntless Shield|boost
|-boost|p1a: Zamazenta|def|1
|move|p2a: Trump is low IQ|Defog|p1a: Zamazenta
|-unboost|p1a: Zamazenta|evasion|1
|-sideend|p2: Trainer #39|Stealth Rock|[from] move: Defog|[of] p2a: Trump is low IQ
|
|upkeep
|turn|47
|
|t:|1781029540
|switch|p2a: Free Palestine|Gliscor, M|56/100 tox
|move|p1a: Zamazenta|Close Combat|p2a: Free Palestine
|-resisted|p2a: Free Palestine
|-damage|p2a: Free Palestine|35/100 tox
|-unboost|p1a: Zamazenta|def|1
|-unboost|p1a: Zamazenta|spd|1
|
|-heal|p2a: Free Palestine|47/100 tox|[from] ability: Poison Heal
|upkeep
|turn|48
|
|t:|1781029546
|switch|p2a: Free Lebanon|Clefable, M|100/100
|move|p1a: Zamazenta|Ice Fang|p2a: Free Lebanon
|-damage|p2a: Free Lebanon|75/100
|
|upkeep
|turn|49
|
|t:|1781029559
|switch|p1a: Gliscor|Gliscor, M|89/100 tox
|move|p2a: Free Lebanon|Wish|p2a: Free Lebanon
|
|-heal|p1a: Gliscor|100/100 tox|[from] ability: Poison Heal
|upkeep
|turn|50
|j| Ferb
|
|t:|1781029566
|switch|p2a: Trump is low IQ|Corviknight, M|32/100
|-ability|p2a: Trump is low IQ|Pressure
|move|p1a: Gliscor|Stealth Rock|p2a: Trump is low IQ
|-sidestart|p2: Trainer #39|move: Stealth Rock
|
|-heal|p2a: Trump is low IQ|81/100|[from] move: Wish|[wisher] Free Lebanon
|upkeep
|turn|51
|
|t:|1781029580
|switch|p1a: Iron Crown|Iron Crown|56/100 par
|move|p2a: Trump is low IQ|Defog|p1a: Iron Crown
|-unboost|p1a: Iron Crown|evasion|1
|-sideend|p2: Trainer #39|Stealth Rock|[from] move: Defog|[of] p2a: Trump is low IQ
|
|upkeep
|turn|52
|l| Ferb
|
|t:|1781029590
|move|p2a: Trump is low IQ|U-turn|p1a: Iron Crown
|-damage|p1a: Iron Crown|41/100 par
|
|t:|1781029593
|switch|p2a: brat|Blissey, F|15/100|[from] U-turn
|move|p1a: Iron Crown|Psychic Noise|p2a: brat
|-damage|p2a: brat|1/100
|-start|p2a: brat|move: Heal Block
|
|upkeep
|turn|53
|
|t:|1781029613
|-end|p1a: Iron Crown|Quark Drive|[silent]
|switch|p1a: Gliscor|Gliscor, M|100/100 tox
|move|p2a: brat|Stealth Rock|p1a: Gliscor
|-sidestart|p1: Klopple|move: Stealth Rock
|
|-end|p2a: brat|move: Heal Block
|upkeep
|turn|54
|
|t:|1781029621
|switch|p2a: Trump is low IQ|Corviknight, M|81/100
|-ability|p2a: Trump is low IQ|Pressure
|move|p1a: Gliscor|Knock Off|p2a: Trump is low IQ
|-damage|p2a: Trump is low IQ|73/100
|
|upkeep
|turn|55
|
|t:|1781029625
|move|p1a: Gliscor|Stealth Rock|p2a: Trump is low IQ
|-sidestart|p2: Trainer #39|move: Stealth Rock
|move|p2a: Trump is low IQ|Brave Bird|p1a: Gliscor
|-damage|p1a: Gliscor|70/100 tox
|-damage|p2a: Trump is low IQ|64/100|[from] Recoil
|
|-heal|p1a: Gliscor|82/100 tox|[from] ability: Poison Heal
|upkeep
|turn|56
|
|t:|1781029634
|switch|p1a: Iron Crown|Iron Crown|41/100 par
|-damage|p1a: Iron Crown|35/100 par|[from] Stealth Rock
|move|p2a: Trump is low IQ|Brave Bird|p1a: Iron Crown
|-resisted|p1a: Iron Crown
|-damage|p1a: Iron Crown|14/100 par
|-damage|p2a: Trump is low IQ|58/100|[from] Recoil
|
|upkeep
|turn|57
|
|t:|1781029643
|move|p2a: Trump is low IQ|Brave Bird|p1a: Iron Crown
|-resisted|p1a: Iron Crown
|-damage|p1a: Iron Crown|0 fnt
|faint|p1a: Iron Crown
|-end|p1a: Iron Crown|Quark Drive|[silent]
|-damage|p2a: Trump is low IQ|54/100|[from] Recoil
|
|upkeep
|
|t:|1781029646
|switch|p1a: Zamazenta|Zamazenta|100/100
|-damage|p1a: Zamazenta|94/100|[from] Stealth Rock
|turn|58
|
|t:|1781029650
|-terastallize|p1a: Zamazenta|Fighting
|move|p1a: Zamazenta|Close Combat|p2a: Trump is low IQ
|-damage|p2a: Trump is low IQ|2/100
|-unboost|p1a: Zamazenta|def|1
|-unboost|p1a: Zamazenta|spd|1
|move|p2a: Trump is low IQ|Roost|p2a: Trump is low IQ
|-heal|p2a: Trump is low IQ|52/100
|-singleturn|p2a: Trump is low IQ|move: Roost
|
|upkeep
|turn|59
|
|t:|1781029658
|switch|p2a: 808 and curses|Dondozo, M|100/100
|-damage|p2a: 808 and curses|88/100|[from] Stealth Rock
|move|p1a: Zamazenta|Close Combat|p2a: 808 and curses
|-damage|p2a: 808 and curses|49/100
|-unboost|p1a: Zamazenta|def|1
|-unboost|p1a: Zamazenta|spd|1
|
|-heal|p2a: 808 and curses|55/100|[from] item: Leftovers
|upkeep
|turn|60
|
|t:|1781029667
|move|p1a: Zamazenta|Crunch|p2a: 808 and curses
|-damage|p2a: 808 and curses|43/100
|move|p2a: 808 and curses|Rest|p2a: 808 and curses
|-status|p2a: 808 and curses|slp|[from] move: Rest
|-heal|p2a: 808 and curses|100/100 slp|[silent]
|
|upkeep
|turn|61
|
|t:|1781029673
|move|p1a: Zamazenta|Close Combat|p2a: 808 and curses
|-damage|p2a: 808 and curses|60/100 slp
|-unboost|p1a: Zamazenta|def|1
|-unboost|p1a: Zamazenta|spd|1
|cant|p2a: 808 and curses|slp
|move|p2a: 808 and curses|Sleep Talk|p2a: 808 and curses
|move|p2a: 808 and curses|Rest||[from] move: Sleep Talk|[still]
|-fail|p2a: 808 and curses
|
|-heal|p2a: 808 and curses|66/100 slp|[from] item: Leftovers
|upkeep
|turn|62
|
|t:|1781029682
|move|p1a: Zamazenta|Close Combat|p2a: 808 and curses
|-crit|p2a: 808 and curses
|-damage|p2a: 808 and curses|7/100 slp
|-unboost|p1a: Zamazenta|def|1
|-unboost|p1a: Zamazenta|spd|1
|cant|p2a: 808 and curses|slp
|move|p2a: 808 and curses|Sleep Talk|p2a: 808 and curses
|move|p2a: 808 and curses|Waterfall|p1a: Zamazenta|[from] move: Sleep Talk
|-damage|p1a: Zamazenta|73/100
|
|-heal|p2a: 808 and curses|13/100 slp|[from] item: Leftovers
|upkeep
|turn|63
|
|t:|1781029701
|move|p1a: Zamazenta|Close Combat|p2a: 808 and curses
|-damage|p2a: 808 and curses|0 fnt
|-unboost|p1a: Zamazenta|def|1
|-unboost|p1a: Zamazenta|spd|1
|faint|p2a: 808 and curses
|
|upkeep
|
|t:|1781029703
|switch|p2a: Free Lebanon|Clefable, M|75/100
|turn|64
|
|t:|1781029711
|switch|p1a: Arboliva|Arboliva, F|100/100
|-damage|p1a: Arboliva|88/100|[from] Stealth Rock
|move|p2a: Free Lebanon|Wish|p2a: Free Lebanon
|
|upkeep
|turn|65
|
|t:|1781029720
|move|p1a: Arboliva|Energy Ball|p2a: Free Lebanon
|-crit|p2a: Free Lebanon
|-damage|p2a: Free Lebanon|27/100
|-unboost|p2a: Free Lebanon|spd|1
|move|p2a: Free Lebanon|Moonblast|p1a: Arboliva
|-damage|p1a: Arboliva|61/100
|-unboost|p1a: Arboliva|spa|1
|
|-heal|p2a: Free Lebanon|77/100|[from] move: Wish|[wisher] Free Lebanon
|upkeep
|turn|66
|
|t:|1781029741
|switch|p1a: Zamazenta|Zamazenta, tera:Fighting|73/100
|-damage|p1a: Zamazenta|66/100|[from] Stealth Rock
|switch|p2a: Trump is low IQ|Corviknight, M|52/100
|-damage|p2a: Trump is low IQ|40/100|[from] Stealth Rock
|-ability|p2a: Trump is low IQ|Pressure
|
|upkeep
|turn|67
|
|t:|1781029752
|switch|p2a: Free Lebanon|Clefable, M|77/100
|move|p1a: Zamazenta|Ice Fang|p2a: Free Lebanon
|-damage|p2a: Free Lebanon|49/100
|
|upkeep
|turn|68
|j| cachowcapow
|
|t:|1781029759
|move|p1a: Zamazenta|Ice Fang|p2a: Free Lebanon
|-damage|p2a: Free Lebanon|24/100
|move|p2a: Free Lebanon|Wish|p2a: Free Lebanon
|
|upkeep
|turn|69
|j| SUNNNNNNNNN
|
|t:|1781029766
|move|p2a: Free Lebanon|Protect|p2a: Free Lebanon
|-singleturn|p2a: Free Lebanon|Protect
|move|p1a: Zamazenta|Ice Fang|p2a: Free Lebanon
|-activate|p2a: Free Lebanon|move: Protect
|
|-heal|p2a: Free Lebanon|74/100|[from] move: Wish|[wisher] Free Lebanon
|upkeep
|turn|70
|
|t:|1781029770
|move|p1a: Zamazenta|Ice Fang|p2a: Free Lebanon
|-damage|p2a: Free Lebanon|50/100
|move|p2a: Free Lebanon|Wish|p2a: Free Lebanon
|
|upkeep
|turn|71
|
|t:|1781029780
|move|p2a: Free Lebanon|Protect|p2a: Free Lebanon
|-singleturn|p2a: Free Lebanon|Protect
|move|p1a: Zamazenta|Close Combat|p2a: Free Lebanon
|-activate|p2a: Free Lebanon|move: Protect
|
|-heal|p2a: Free Lebanon|99/100|[from] move: Wish|[wisher] Free Lebanon
|upkeep
|turn|72
|
|t:|1781029788
|move|p1a: Zamazenta|Ice Fang|p2a: Free Lebanon
|-damage|p2a: Free Lebanon|72/100
|move|p2a: Free Lebanon|Wish|p2a: Free Lebanon
|
|upkeep
|turn|73
|j| Lowladderubersnoob
|
|t:|1781029799
|move|p1a: Zamazenta|Stone Edge|p2a: Free Lebanon
|-damage|p2a: Free Lebanon|28/100
|move|p2a: Free Lebanon|Moonblast|p1a: Zamazenta
|-supereffective|p1a: Zamazenta
|-damage|p1a: Zamazenta|9/100
|
|-heal|p2a: Free Lebanon|78/100|[from] move: Wish|[wisher] Free Lebanon
|upkeep
|turn|74
|
|t:|1781029806
|move|p2a: Free Lebanon|Protect|p2a: Free Lebanon
|-singleturn|p2a: Free Lebanon|Protect
|move|p1a: Zamazenta|Ice Fang|p2a: Free Lebanon
|-activate|p2a: Free Lebanon|move: Protect
|
|upkeep
|turn|75
|
|t:|1781029808
|move|p1a: Zamazenta|Ice Fang|p2a: Free Lebanon
|-damage|p2a: Free Lebanon|53/100
|move|p2a: Free Lebanon|Wish|p2a: Free Lebanon
|
|upkeep
|turn|76
|
|t:|1781029813
|move|p2a: Free Lebanon|Protect|p2a: Free Lebanon
|-singleturn|p2a: Free Lebanon|Protect
|move|p1a: Zamazenta|Ice Fang|p2a: Free Lebanon
|-activate|p2a: Free Lebanon|move: Protect
|
|-heal|p2a: Free Lebanon|100/100|[from] move: Wish|[wisher] Free Lebanon
|upkeep
|turn|77
|
|t:|1781029817
|move|p1a: Zamazenta|Ice Fang|p2a: Free Lebanon
|-damage|p2a: Free Lebanon|76/100
|move|p2a: Free Lebanon|Wish|p2a: Free Lebanon
|
|upkeep
|turn|78
|
|t:|1781029822
|move|p1a: Zamazenta|Ice Fang|p2a: Free Lebanon
|-damage|p2a: Free Lebanon|52/100
|cant|p2a: Free Lebanon|flinch
|
|-heal|p2a: Free Lebanon|100/100|[from] move: Wish|[wisher] Free Lebanon
|upkeep
|turn|79
|
|t:|1781029827
|move|p1a: Zamazenta|Ice Fang|p2a: Free Lebanon
|-damage|p2a: Free Lebanon|74/100
|move|p2a: Free Lebanon|Wish|p2a: Free Lebanon
|
|upkeep
|turn|80
|
|t:|1781029831
|move|p1a: Zamazenta|Ice Fang|p2a: Free Lebanon
|-crit|p2a: Free Lebanon
|-damage|p2a: Free Lebanon|37/100
|move|p2a: Free Lebanon|Moonblast|p1a: Zamazenta
|-supereffective|p1a: Zamazenta
|-damage|p1a: Zamazenta|0 fnt
|faint|p1a: Zamazenta
|
|-heal|p2a: Free Lebanon|87/100|[from] move: Wish|[wisher] Free Lebanon
|upkeep
|
|t:|1781029839
|switch|p1a: Arboliva|Arboliva, F|61/100
|-damage|p1a: Arboliva|49/100|[from] Stealth Rock
|turn|81
|
|t:|1781029844
|move|p2a: Free Lebanon|Protect|p2a: Free Lebanon
|-singleturn|p2a: Free Lebanon|Protect
|move|p1a: Arboliva|Energy Ball|p2a: Free Lebanon
|-activate|p2a: Free Lebanon|move: Protect
|
|upkeep
|turn|82
|l| Lowladderubersnoob
|
|t:|1781029846
|move|p1a: Arboliva|Energy Ball|p2a: Free Lebanon
|-damage|p2a: Free Lebanon|51/100
|move|p2a: Free Lebanon|Wish|p2a: Free Lebanon
|
|upkeep
|turn|83
|
|t:|1781029854
|move|p2a: Free Lebanon|Protect|p2a: Free Lebanon
|-singleturn|p2a: Free Lebanon|Protect
|move|p1a: Arboliva|Energy Ball|p2a: Free Lebanon
|-activate|p2a: Free Lebanon|move: Protect
|
|-heal|p2a: Free Lebanon|100/100|[from] move: Wish|[wisher] Free Lebanon
|upkeep
|turn|84
|l| Mak7XZ
|
|t:|1781029861
|move|p1a: Arboliva|Energy Ball|p2a: Free Lebanon
|-damage|p2a: Free Lebanon|68/100
|move|p2a: Free Lebanon|Moonblast|p1a: Arboliva
|-damage|p1a: Arboliva|22/100
|-unboost|p1a: Arboliva|spa|1
|
|upkeep
|turn|85
|
|t:|1781029867
|move|p1a: Arboliva|Energy Ball|p2a: Free Lebanon
|-damage|p2a: Free Lebanon|35/100
|move|p2a: Free Lebanon|Wish|p2a: Free Lebanon
|
|upkeep
|turn|86
|
|t:|1781029873
|switch|p2a: Trump is low IQ|Corviknight, M|40/100
|-damage|p2a: Trump is low IQ|27/100|[from] Stealth Rock
|-ability|p2a: Trump is low IQ|Pressure
|move|p1a: Arboliva|Energy Ball|p2a: Trump is low IQ
|-resisted|p2a: Trump is low IQ
|-damage|p2a: Trump is low IQ|19/100
|
|-heal|p2a: Trump is low IQ|68/100|[from] move: Wish|[wisher] Free Lebanon
|upkeep
|turn|87
|
|t:|1781029887
|switch|p1a: Dragonite|Dragonite, M|100/100
|move|p2a: Trump is low IQ|Roost|p2a: Trump is low IQ
|-heal|p2a: Trump is low IQ|100/100
|-singleturn|p2a: Trump is low IQ|move: Roost
|
|upkeep
|turn|88
|
|t:|1781029893
|move|p2a: Trump is low IQ|U-turn|p1a: Dragonite
|-resisted|p1a: Dragonite
|-damage|p1a: Dragonite|97/100
|
|t:|1781029895
|switch|p2a: brat|Blissey, F|1/100|[from] U-turn
|move|p1a: Dragonite|Dragon Tail|p2a: brat
|-damage|p2a: brat|0 fnt
|faint|p2a: brat
|
|upkeep
|
|t:|1781029898
|switch|p2a: Free Lebanon|Clefable, M|35/100
|turn|89
|
|t:|1781029906
|move|p1a: Dragonite|Earthquake|p2a: Free Lebanon
|-damage|p2a: Free Lebanon|0 fnt
|faint|p2a: Free Lebanon
|
|upkeep
|
|t:|1781029909
|switch|p2a: Free Palestine|Gliscor, M|47/100 tox
|-damage|p2a: Free Palestine|35/100 tox|[from] Stealth Rock
|turn|90
|
|t:|1781029917
|move|p2a: Free Palestine|Protect|p2a: Free Palestine
|-singleturn|p2a: Free Palestine|Protect
|move|p1a: Dragonite|Extreme Speed|p2a: Free Palestine
|-activate|p2a: Free Palestine|move: Protect
|
|-heal|p2a: Free Palestine|47/100 tox|[from] ability: Poison Heal
|upkeep
|turn|91
|
|t:|1781029924
|move|p2a: Free Palestine|Substitute|p2a: Free Palestine
|-start|p2a: Free Palestine|Substitute
|-damage|p2a: Free Palestine|22/100 tox
|move|p1a: Dragonite|Dragon Tail|p2a: Free Palestine
|-activate|p2a: Free Palestine|move: Substitute|[damage]
|
|-heal|p2a: Free Palestine|35/100 tox|[from] ability: Poison Heal
|upkeep
|turn|92
|
|t:|1781029933
|move|p1a: Dragonite|Extreme Speed|p2a: Free Palestine
|-end|p2a: Free Palestine|Substitute
|move|p2a: Free Palestine|Toxic|p1a: Dragonite
|-status|p1a: Dragonite|tox
|
|-heal|p2a: Free Palestine|47/100 tox|[from] ability: Poison Heal
|-damage|p1a: Dragonite|91/100 tox|[from] psn
|upkeep
|turn|93
|
|t:|1781029941
|move|p2a: Free Palestine|Protect|p2a: Free Palestine
|-singleturn|p2a: Free Palestine|Protect
|move|p1a: Dragonite|Extreme Speed|p2a: Free Palestine
|-activate|p2a: Free Palestine|move: Protect
|
|-heal|p2a: Free Palestine|60/100 tox|[from] ability: Poison Heal
|-damage|p1a: Dragonite|79/100 tox|[from] psn
|upkeep
|turn|94
|
|t:|1781029944
|move|p1a: Dragonite|Extreme Speed|p2a: Free Palestine
|-damage|p2a: Free Palestine|38/100 tox
|move|p2a: Free Palestine|Substitute|p2a: Free Palestine
|-start|p2a: Free Palestine|Substitute
|-damage|p2a: Free Palestine|13/100 tox
|
|-heal|p2a: Free Palestine|26/100 tox|[from] ability: Poison Heal
|-damage|p1a: Dragonite|61/100 tox|[from] psn
|upkeep
|turn|95
|
|t:|1781029950
|switch|p1a: Arboliva|Arboliva, F|22/100
|-damage|p1a: Arboliva|10/100|[from] Stealth Rock
|move|p2a: Free Palestine|Protect||[still]
|-fail|p2a: Free Palestine
|
|-heal|p2a: Free Palestine|38/100 tox|[from] ability: Poison Heal
|upkeep
|turn|96
|
|t:|1781029959
|move|p2a: Free Palestine|Protect|p2a: Free Palestine
|-singleturn|p2a: Free Palestine|Protect
|move|p1a: Arboliva|Alluring Voice|p2a: Free Palestine
|-activate|p2a: Free Palestine|move: Protect
|
|-heal|p2a: Free Palestine|51/100 tox|[from] ability: Poison Heal
|upkeep
|turn|97
|
|t:|1781029965
|switch|p2a: Trump is low IQ|Corviknight, M|100/100
|-damage|p2a: Trump is low IQ|88/100|[from] Stealth Rock
|-ability|p2a: Trump is low IQ|Pressure
|move|p1a: Arboliva|Alluring Voice|p2a: Trump is low IQ
|-resisted|p2a: Trump is low IQ
|-damage|p2a: Trump is low IQ|75/100
|
|upkeep
|turn|98
|
|t:|1781029982
|switch|p1a: Gliscor|Gliscor, M|82/100 tox
|-damage|p1a: Gliscor|70/100 tox|[from] Stealth Rock
|move|p2a: Trump is low IQ|Defog|p1a: Gliscor
|-unboost|p1a: Gliscor|evasion|1
|-sideend|p1: Klopple|Stealth Rock|[from] move: Defog|[of] p2a: Trump is low IQ
|-sideend|p2: Trainer #39|Stealth Rock|[from] move: Defog|[of] p2a: Trump is low IQ
|
|-heal|p1a: Gliscor|82/100 tox|[from] ability: Poison Heal
|upkeep
|turn|99
|
|t:|1781029993
|move|p1a: Gliscor|Stealth Rock|p2a: Trump is low IQ
|-sidestart|p2: Trainer #39|move: Stealth Rock
|move|p2a: Trump is low IQ|Brave Bird|p1a: Gliscor
|-damage|p1a: Gliscor|54/100 tox
|-damage|p2a: Trump is low IQ|67/100|[from] Recoil
|
|-heal|p1a: Gliscor|66/100 tox|[from] ability: Poison Heal
|upkeep
|turn|100
|
|t:|1781029998
|move|p1a: Gliscor|Protect|p1a: Gliscor
|-singleturn|p1a: Gliscor|Protect
|move|p2a: Trump is low IQ|Defog|p1a: Gliscor
|-activate|p1a: Gliscor|move: Protect
|
|-heal|p1a: Gliscor|79/100 tox|[from] ability: Poison Heal
|upkeep
|turn|101
|
|t:|1781030006
|switch|p1a: Arboliva|Arboliva, F|10/100
|move|p2a: Trump is low IQ|Defog|p1a: Arboliva
|-unboost|p1a: Arboliva|evasion|1
|-sideend|p2: Trainer #39|Stealth Rock|[from] move: Defog|[of] p2a: Trump is low IQ
|
|upkeep
|turn|102
|
|t:|1781030013
|move|p1a: Arboliva|Endure|p1a: Arboliva
|-singleturn|p1a: Arboliva|move: Endure
|move|p2a: Trump is low IQ|U-turn|p1a: Arboliva
|-supereffective|p1a: Arboliva
|-crit|p1a: Arboliva
|-activate|p1a: Arboliva|move: Endure
|-damage|p1a: Arboliva|1/100
|
|t:|1781030015
|switch|p2a: Free Palestine|Gliscor, M|51/100 tox|[from] U-turn
|
|-heal|p2a: Free Palestine|63/100 tox|[from] ability: Poison Heal
|upkeep
|turn|103
|
|t:|1781030022
|switch|p1a: Dragonite|Dragonite, M|61/100 tox
|move|p2a: Free Palestine|Earthquake|p1a: Dragonite
|-immune|p1a: Dragonite
|
|-heal|p2a: Free Palestine|76/100 tox|[from] ability: Poison Heal
|-damage|p1a: Dragonite|55/100 tox|[from] psn
|upkeep
|turn|104
|
|t:|1781030031
|move|p2a: Free Palestine|Substitute|p2a: Free Palestine
|-start|p2a: Free Palestine|Substitute
|-damage|p2a: Free Palestine|51/100 tox
|move|p1a: Dragonite|Dragon Tail|p2a: Free Palestine
|-activate|p2a: Free Palestine|move: Substitute|[damage]
|
|-heal|p2a: Free Palestine|63/100 tox|[from] ability: Poison Heal
|-damage|p1a: Dragonite|43/100 tox|[from] psn
|upkeep
|turn|105
|
|t:|1781030036
|move|p2a: Free Palestine|Protect|p2a: Free Palestine
|-singleturn|p2a: Free Palestine|Protect
|move|p1a: Dragonite|Roost|p1a: Dragonite
|-heal|p1a: Dragonite|93/100 tox
|-singleturn|p1a: Dragonite|move: Roost
|
|-heal|p2a: Free Palestine|76/100 tox|[from] ability: Poison Heal
|-damage|p1a: Dragonite|75/100 tox|[from] psn
|upkeep
|turn|106
|l| cachowcapow
|
|t:|1781030047
|move|p2a: Free Palestine|Toxic|p1a: Dragonite
|-fail|p1a: Dragonite|tox
|move|p1a: Dragonite|Dragon Tail|p2a: Free Palestine
|-end|p2a: Free Palestine|Substitute
|
|-heal|p2a: Free Palestine|88/100 tox|[from] ability: Poison Heal
|-damage|p1a: Dragonite|51/100 tox|[from] psn
|upkeep
|turn|107
|
|t:|1781030062
|switch|p1a: Gliscor|Gliscor, M|79/100 tox
|move|p2a: Free Palestine|Substitute|p2a: Free Palestine
|-start|p2a: Free Palestine|Substitute
|-damage|p2a: Free Palestine|63/100 tox
|
|-heal|p2a: Free Palestine|76/100 tox|[from] ability: Poison Heal
|-heal|p1a: Gliscor|91/100 tox|[from] ability: Poison Heal
|upkeep
|turn|108
|
|t:|1781030067
|switch|p2a: Trump is low IQ|Corviknight, M|67/100
|-ability|p2a: Trump is low IQ|Pressure
|move|p1a: Gliscor|Stealth Rock|p2a: Trump is low IQ
|-sidestart|p2: Trainer #39|move: Stealth Rock
|
|-heal|p1a: Gliscor|100/100 tox|[from] ability: Poison Heal
|upkeep
|turn|109
|
|t:|1781030078
|switch|p1a: Arboliva|Arboliva, F|1/100
|move|p2a: Trump is low IQ|Defog|p1a: Arboliva
|-unboost|p1a: Arboliva|evasion|1
|-sideend|p2: Trainer #39|Stealth Rock|[from] move: Defog|[of] p2a: Trump is low IQ
|
|upkeep
|turn|110
|
|t:|1781030083
|switch|p1a: Gliscor|Gliscor, M|100/100 tox
|move|p2a: Trump is low IQ|U-turn|p1a: Gliscor
|-resisted|p1a: Gliscor
|-damage|p1a: Gliscor|95/100 tox
|
|t:|1781030085
|switch|p2a: Free Palestine|Gliscor, M|76/100 tox|[from] U-turn
|
|-heal|p2a: Free Palestine|88/100 tox|[from] ability: Poison Heal
|-heal|p1a: Gliscor|100/100 tox|[from] ability: Poison Heal
|upkeep
|turn|111
|
|t:|1781030088
|switch|p2a: Trump is low IQ|Corviknight, M|67/100
|-ability|p2a: Trump is low IQ|Pressure
|move|p1a: Gliscor|Stealth Rock|p2a: Trump is low IQ
|-sidestart|p2: Trainer #39|move: Stealth Rock
|
|upkeep
|turn|112
|
|t:|1781030092
|move|p1a: Gliscor|Knock Off|p2a: Trump is low IQ
|-damage|p2a: Trump is low IQ|59/100
|move|p2a: Trump is low IQ|Defog|p1a: Gliscor
|-unboost|p1a: Gliscor|evasion|1
|-sideend|p2: Trainer #39|Stealth Rock|[from] move: Defog|[of] p2a: Trump is low IQ
|
|upkeep
|turn|113
|
|t:|1781030096
|move|p1a: Gliscor|Stealth Rock|p2a: Trump is low IQ
|-sidestart|p2: Trainer #39|move: Stealth Rock
|move|p2a: Trump is low IQ|Brave Bird|p1a: Gliscor
|-damage|p1a: Gliscor|72/100 tox
|-damage|p2a: Trump is low IQ|50/100|[from] Recoil
|
|-heal|p1a: Gliscor|85/100 tox|[from] ability: Poison Heal
|upkeep
|turn|114
|
|t:|1781030105
|switch|p1a: Arboliva|Arboliva, F|1/100
|move|p2a: Trump is low IQ|Defog|p1a: Arboliva
|-unboost|p1a: Arboliva|evasion|1
|-sideend|p2: Trainer #39|Stealth Rock|[from] move: Defog|[of] p2a: Trump is low IQ
|
|upkeep
|turn|115
|
|t:|1781030110
|move|p1a: Arboliva|Endure|p1a: Arboliva
|-singleturn|p1a: Arboliva|move: Endure
|move|p2a: Trump is low IQ|Roost|p2a: Trump is low IQ
|-heal|p2a: Trump is low IQ|100/100
|-singleturn|p2a: Trump is low IQ|move: Roost
|
|upkeep
|turn|116
|
|t:|1781030119
|switch|p1a: Gliscor|Gliscor, M|85/100 tox
|move|p2a: Trump is low IQ|U-turn|p1a: Gliscor
|-resisted|p1a: Gliscor
|-damage|p1a: Gliscor|79/100 tox
|
|t:|1781030121
|switch|p2a: Free Palestine|Gliscor, M|88/100 tox|[from] U-turn
|
|-heal|p2a: Free Palestine|100/100 tox|[from] ability: Poison Heal
|-heal|p1a: Gliscor|92/100 tox|[from] ability: Poison Heal
|upkeep
|turn|117
|
|t:|1781030125
|switch|p2a: Trump is low IQ|Corviknight, M|100/100
|-ability|p2a: Trump is low IQ|Pressure
|move|p1a: Gliscor|Stealth Rock|p2a: Trump is low IQ
|-sidestart|p2: Trainer #39|move: Stealth Rock
|
|-heal|p1a: Gliscor|100/100 tox|[from] ability: Poison Heal
|upkeep
|turn|118
|
|t:|1781030133
|move|p1a: Gliscor|Protect|p1a: Gliscor
|-singleturn|p1a: Gliscor|Protect
|move|p2a: Trump is low IQ|Defog|p1a: Gliscor
|-activate|p1a: Gliscor|move: Protect
|
|upkeep
|turn|119
|
|t:|1781030137
|switch|p1a: Arboliva|Arboliva, F|1/100
|move|p2a: Trump is low IQ|Defog|p1a: Arboliva
|-unboost|p1a: Arboliva|evasion|1
|-sideend|p2: Trainer #39|Stealth Rock|[from] move: Defog|[of] p2a: Trump is low IQ
|
|upkeep
|turn|120
|
|t:|1781030144
|move|p1a: Arboliva|Energy Ball|p2a: Trump is low IQ
|-resisted|p2a: Trump is low IQ
|-damage|p2a: Trump is low IQ|88/100
|-unboost|p2a: Trump is low IQ|spd|1
|move|p2a: Trump is low IQ|Brave Bird|p1a: Arboliva
|-supereffective|p1a: Arboliva
|-damage|p1a: Arboliva|0 fnt
|faint|p1a: Arboliva
|-damage|p2a: Trump is low IQ|88/100|[from] Recoil
|
|upkeep
|
|t:|1781030151
|switch|p1a: Gliscor|Gliscor, M|100/100 tox
|turn|121
|
|t:|1781030155
|move|p1a: Gliscor|Earthquake|p2a: Trump is low IQ
|-immune|p2a: Trump is low IQ
|move|p2a: Trump is low IQ|Brave Bird|p1a: Gliscor
|-damage|p1a: Gliscor|72/100 tox
|-damage|p2a: Trump is low IQ|80/100|[from] Recoil
|
|-heal|p1a: Gliscor|85/100 tox|[from] ability: Poison Heal
|upkeep
|turn|122
|
|t:|1781030164
|move|p1a: Gliscor|Knock Off|p2a: Trump is low IQ
|-damage|p2a: Trump is low IQ|71/100
|move|p2a: Trump is low IQ|Brave Bird|p1a: Gliscor
|-damage|p1a: Gliscor|56/100 tox
|-damage|p2a: Trump is low IQ|63/100|[from] Recoil
|
|-heal|p1a: Gliscor|69/100 tox|[from] ability: Poison Heal
|upkeep
|turn|123
|
|t:|1781030170
|move|p1a: Gliscor|Earthquake|p2a: Trump is low IQ
|-immune|p2a: Trump is low IQ
|move|p2a: Trump is low IQ|Brave Bird|p1a: Gliscor
|-damage|p1a: Gliscor|41/100 tox
|-damage|p2a: Trump is low IQ|55/100|[from] Recoil
|
|-heal|p1a: Gliscor|54/100 tox|[from] ability: Poison Heal
|upkeep
|turn|124
|
|t:|1781030177
|move|p1a: Gliscor|Protect|p1a: Gliscor
|-singleturn|p1a: Gliscor|Protect
|move|p2a: Trump is low IQ|Brave Bird|p1a: Gliscor
|-activate|p1a: Gliscor|move: Protect
|
|-heal|p1a: Gliscor|66/100 tox|[from] ability: Poison Heal
|upkeep
|turn|125
|
|t:|1781030182
|move|p1a: Gliscor|Earthquake|p2a: Trump is low IQ
|-immune|p2a: Trump is low IQ
|move|p2a: Trump is low IQ|Brave Bird|p1a: Gliscor
|-damage|p1a: Gliscor|37/100 tox
|-damage|p2a: Trump is low IQ|46/100|[from] Recoil
|
|-heal|p1a: Gliscor|50/100 tox|[from] ability: Poison Heal
|upkeep
|turn|126
|
|t:|1781030189
|switch|p1a: Dragonite|Dragonite, M|51/100 tox
|move|p2a: Trump is low IQ|Roost|p2a: Trump is low IQ
|-heal|p2a: Trump is low IQ|96/100
|-singleturn|p2a: Trump is low IQ|move: Roost
|
|-damage|p1a: Dragonite|45/100 tox|[from] psn
|upkeep
|turn|127
|
|t:|1781030195
|switch|p1a: Gliscor|Gliscor, M|50/100 tox
|move|p2a: Trump is low IQ|U-turn|p1a: Gliscor
|-resisted|p1a: Gliscor
|-damage|p1a: Gliscor|45/100 tox
|
|t:|1781030196
|switch|p2a: Free Palestine|Gliscor, M|100/100 tox|[from] U-turn
|
|-heal|p1a: Gliscor|57/100 tox|[from] ability: Poison Heal
|upkeep
|turn|128
|
|t:|1781030203
|switch|p2a: Trump is low IQ|Corviknight, M|96/100
|-ability|p2a: Trump is low IQ|Pressure
|switch|p1a: Dragonite|Dragonite, M|45/100 tox
|
|-damage|p1a: Dragonite|39/100 tox|[from] psn
|upkeep
|turn|129
|
|t:|1781030208
|switch|p1a: Gliscor|Gliscor, M|57/100 tox
|move|p2a: Trump is low IQ|U-turn|p1a: Gliscor
|-resisted|p1a: Gliscor
|-damage|p1a: Gliscor|51/100 tox
|
|t:|1781030210
|switch|p2a: Free Palestine|Gliscor, M|100/100 tox|[from] U-turn
|
|-heal|p1a: Gliscor|64/100 tox|[from] ability: Poison Heal
|upkeep
|turn|130
|
|t:|1781030214
|switch|p2a: Trump is low IQ|Corviknight, M|96/100
|-ability|p2a: Trump is low IQ|Pressure
|switch|p1a: Dragonite|Dragonite, M|39/100 tox
|
|-damage|p1a: Dragonite|33/100 tox|[from] psn
|upkeep
|turn|131
|
|t:|1781030216
|move|p1a: Dragonite|Roost|p1a: Dragonite
|-heal|p1a: Dragonite|84/100 tox
|-singleturn|p1a: Dragonite|move: Roost
|move|p2a: Trump is low IQ|U-turn|p1a: Dragonite
|-damage|p1a: Dragonite|70/100 tox
|
|t:|1781030220
|switch|p2a: Free Palestine|Gliscor, M|100/100 tox|[from] U-turn
|
|-damage|p1a: Dragonite|58/100 tox|[from] psn
|upkeep
|turn|132
|
|t:|1781030231
|switch|p2a: Trump is low IQ|Corviknight, M|96/100
|-ability|p2a: Trump is low IQ|Pressure
|move|p1a: Dragonite|Dragon Tail|p2a: Trump is low IQ|[miss]
|-miss|p1a: Dragonite|p2a: Trump is low IQ
|
|-damage|p1a: Dragonite|40/100 tox|[from] psn
|upkeep
|turn|133
|
|t:|1781030237
|switch|p1a: Gliscor|Gliscor, M|64/100 tox
|move|p2a: Trump is low IQ|U-turn|p1a: Gliscor
|-resisted|p1a: Gliscor
|-damage|p1a: Gliscor|58/100 tox
|
|t:|1781030239
|switch|p2a: Free Palestine|Gliscor, M|100/100 tox|[from] U-turn
|
|-heal|p1a: Gliscor|71/100 tox|[from] ability: Poison Heal
|upkeep
|turn|134
|
|t:|1781030257
|switch|p2a: Trump is low IQ|Corviknight, M|96/100
|-ability|p2a: Trump is low IQ|Pressure
|switch|p1a: Dragonite|Dragonite, M|40/100 tox
|
|-damage|p1a: Dragonite|34/100 tox|[from] psn
|upkeep
|turn|135
|
|t:|1781030267
|move|p1a: Dragonite|Roost|p1a: Dragonite
|-heal|p1a: Dragonite|84/100 tox
|-singleturn|p1a: Dragonite|move: Roost
|move|p2a: Trump is low IQ|U-turn|p1a: Dragonite
|-damage|p1a: Dragonite|71/100 tox
|inactive|Trainer #39 has 120 seconds left.
|
|t:|1781030291
|switch|p2a: Free Palestine|Gliscor, M|100/100 tox|[from] U-turn
|
|-damage|p1a: Dragonite|59/100 tox|[from] psn
|upkeep
|turn|136
|inactive|Trainer #39 has 90 seconds left.
|-message|Klopple forfeited.
|
|win|Trainer #39
|raw|Klopple's rating: 1721 &rarr; <strong>1702</strong><br />(-19 for losing)
|raw|Trainer #39's rating: 1737 &rarr; <strong>1756</strong><br />(+19 for winning)
|l|☆Klopple
|player|p1|
|l|☆Trainer #39
|player|p2|
