|j|☆fivetomatoes
|j|☆KurisuChestnutLab
|t:|1781138146
|gametype|singles
|player|p1|fivetomatoes|102|1582
|player|p2|KurisuChestnutLab|may-contest|1637
|gen|9
|tier|[Gen 9] OU
|rated|
|rule|HP Percentage Mod: HP is shown in percentages
|rule|Endless Battle Clause: Forcing endless battles is banned
|rule|Species Clause: Limit one of each Pokémon
|rule|OHKO Clause: OHKO moves are banned
|rule|Evasion Items Clause: Evasion items are banned
|rule|Evasion Moves Clause: Evasion moves are banned
|rule|Evasion Abilities Clause: Evasion abilities are banned
|rule|Sleep Moves Clause: Sleep-inducing moves are banned
|clearpoke
|poke|p1|Rotom-Wash|
|poke|p1|Rillaboom, F|
|poke|p1|Glimmora, F|
|poke|p1|Garganacl, F|
|poke|p1|Dragapult, F|
|poke|p1|Gholdengo|
|poke|p2|Zamazenta-*|
|poke|p2|Zapdos|
|poke|p2|Garganacl, M|
|poke|p2|Clefable, M|
|poke|p2|Samurott-Hisui, F|
|poke|p2|Gholdengo|
|teampreview
|inactive|Battle timer is ON: inactive players will automatically lose when time's up. (requested by fivetomatoes)
|inactive|KurisuChestnutLab also wants the timer to be on.
|
|t:|1781138154
|teamsize|p1|6
|teamsize|p2|6
|start
|switch|p1a: Rillaboom|Rillaboom, F|100/100
|switch|p2a: Gholdengo|Gholdengo|100/100
|-fieldstart|move: Grassy Terrain|[from] ability: Grassy Surge|[of] p1a: Rillaboom
|turn|1
|
|t:|1781138161
|switch|p2a: Zamazenta|Zamazenta|100/100
|-ability|p2a: Zamazenta|Dauntless Shield|boost
|-boost|p2a: Zamazenta|def|1
|move|p1a: Rillaboom|Knock Off|p2a: Zamazenta
|-resisted|p2a: Zamazenta
|-damage|p2a: Zamazenta|89/100
|-enditem|p2a: Zamazenta|Leftovers|[from] move: Knock Off|[of] p1a: Rillaboom
|-damage|p1a: Rillaboom|91/100|[from] item: Life Orb
|
|-heal|p2a: Zamazenta|95/100|[from] Grassy Terrain
|-heal|p1a: Rillaboom|97/100|[from] Grassy Terrain
|upkeep
|turn|2
|
|t:|1781138165
|move|p2a: Zamazenta|Crunch|p1a: Rillaboom
|-damage|p1a: Rillaboom|76/100
|move|p1a: Rillaboom|U-turn|p2a: Zamazenta
|-resisted|p2a: Zamazenta
|-damage|p2a: Zamazenta|86/100
|-damage|p1a: Rillaboom|66/100|[from] item: Life Orb
|
|t:|1781138169
|switch|p1a: Glimmora|Glimmora, F|100/100|[from] U-turn
|
|-heal|p2a: Zamazenta|93/100|[from] Grassy Terrain
|upkeep
|turn|3
|
|t:|1781138174
|move|p2a: Zamazenta|Body Press|p1a: Glimmora
|-damage|p1a: Glimmora|62/100
|-activate|p1a: Glimmora|ability: Toxic Debris
|-sidestart|p2: KurisuChestnutLab|move: Toxic Spikes
|move|p1a: Glimmora|Mortal Spin|p2a: Zamazenta
|-crit|p2a: Zamazenta
|-damage|p2a: Zamazenta|85/100
|-status|p2a: Zamazenta|psn
|
|-heal|p2a: Zamazenta|91/100 psn|[from] Grassy Terrain
|-heal|p1a: Glimmora|69/100|[from] Grassy Terrain
|-damage|p2a: Zamazenta|78/100 psn|[from] psn
|upkeep
|turn|4
|
|t:|1781138179
|switch|p2a: Garganacl|Garganacl, M|100/100
|move|p1a: Glimmora|Spiky Shield||[still]
|-fail|p1a: Glimmora
|
|-heal|p1a: Glimmora|75/100|[from] Grassy Terrain
|upkeep
|turn|5
|
|t:|1781138183
|move|p1a: Glimmora|Earth Power|p2a: Garganacl
|-supereffective|p2a: Garganacl
|-damage|p2a: Garganacl|68/100
|move|p2a: Garganacl|Stealth Rock|p1a: Glimmora
|-sidestart|p1: fivetomatoes|move: Stealth Rock
|
|-heal|p1a: Glimmora|81/100|[from] Grassy Terrain
|-heal|p2a: Garganacl|74/100|[from] Grassy Terrain
|-heal|p2a: Garganacl|80/100|[from] item: Leftovers
|-fieldend|move: Grassy Terrain
|upkeep
|turn|6
|
|t:|1781138187
|move|p1a: Glimmora|Earth Power|p2a: Garganacl
|-supereffective|p2a: Garganacl
|-damage|p2a: Garganacl|45/100
|move|p2a: Garganacl|Earthquake|p1a: Glimmora
|-supereffective|p1a: Glimmora
|-damage|p1a: Glimmora|14/100
|-activate|p1a: Glimmora|ability: Toxic Debris
|-sidestart|p2: KurisuChestnutLab|move: Toxic Spikes
|
|-heal|p2a: Garganacl|51/100|[from] item: Leftovers
|upkeep
|turn|7
|
|t:|1781138192
|switch|p1a: Rotom|Rotom-Wash|100/100
|-damage|p1a: Rotom|88/100|[from] Stealth Rock
|move|p2a: Garganacl|Recover|p2a: Garganacl
|-heal|p2a: Garganacl|100/100
|
|upkeep
|turn|8
|
|t:|1781138197
|move|p1a: Rotom|Trick|p2a: Garganacl
|-activate|p1a: Rotom|move: Trick|[of] p2a: Garganacl
|-item|p2a: Garganacl|Choice Scarf|[from] move: Trick
|-item|p1a: Rotom|Leftovers|[from] move: Trick
|move|p2a: Garganacl|Salt Cure|p1a: Rotom
|-damage|p1a: Rotom|69/100
|-start|p1a: Rotom|Salt Cure
|
|-heal|p1a: Rotom|76/100|[from] item: Leftovers
|-damage|p1a: Rotom|51/100|[from] Salt Cure
|upkeep
|turn|9
|
|t:|1781138203
|move|p1a: Rotom|Volt Switch|p2a: Garganacl
|-crit|p2a: Garganacl
|-damage|p2a: Garganacl|72/100
|
|t:|1781138208
|switch|p1a: Garganacl|Garganacl, F|100/100|[from] Volt Switch
|-damage|p1a: Garganacl|88/100|[from] Stealth Rock
|move|p2a: Garganacl|Salt Cure|p1a: Garganacl
|-damage|p1a: Garganacl|81/100
|-start|p1a: Garganacl|Salt Cure
|
|-heal|p1a: Garganacl|88/100|[from] item: Leftovers
|-damage|p1a: Garganacl|75/100|[from] Salt Cure
|upkeep
|turn|10
|
|t:|1781138213
|switch|p2a: Gholdengo|Gholdengo|100/100
|move|p1a: Garganacl|Salt Cure|p2a: Gholdengo
|-resisted|p2a: Gholdengo
|-damage|p2a: Gholdengo|93/100
|-start|p2a: Gholdengo|Salt Cure
|
|-heal|p1a: Garganacl|81/100|[from] item: Leftovers
|-damage|p2a: Gholdengo|68/100|[from] Salt Cure
|-damage|p1a: Garganacl|69/100|[from] Salt Cure
|upkeep
|turn|11
|
|t:|1781138220
|move|p1a: Garganacl|Protect|p1a: Garganacl
|-singleturn|p1a: Garganacl|Protect
|move|p2a: Gholdengo|Make It Rain|p1a: Garganacl
|-activate|p1a: Garganacl|move: Protect
|
|-heal|p1a: Garganacl|75/100|[from] item: Leftovers
|-damage|p2a: Gholdengo|44/100|[from] Salt Cure
|-damage|p1a: Garganacl|63/100|[from] Salt Cure
|upkeep
|turn|12
|
|t:|1781138224
|switch|p1a: Rotom|Rotom-Wash|51/100
|-damage|p1a: Rotom|38/100|[from] Stealth Rock
|move|p2a: Gholdengo|Make It Rain|p1a: Rotom
|-resisted|p1a: Rotom
|-damage|p1a: Rotom|17/100
|-unboost|p2a: Gholdengo|spa|1
|
|-heal|p1a: Rotom|23/100|[from] item: Leftovers
|-damage|p2a: Gholdengo|19/100|[from] Salt Cure
|upkeep
|turn|13
|
|t:|1781138231
|move|p2a: Gholdengo|Make It Rain|p1a: Rotom
|-resisted|p1a: Rotom
|-damage|p1a: Rotom|10/100
|-unboost|p2a: Gholdengo|spa|1
|move|p1a: Rotom|Volt Switch|p2a: Gholdengo
|-damage|p2a: Gholdengo|0 fnt
|faint|p2a: Gholdengo
|
|t:|1781138239
|switch|p1a: Rillaboom|Rillaboom, F|66/100|[from] Volt Switch
|-damage|p1a: Rillaboom|54/100|[from] Stealth Rock
|-fieldstart|move: Grassy Terrain|[from] ability: Grassy Surge|[of] p1a: Rillaboom
|
|-heal|p1a: Rillaboom|60/100|[from] Grassy Terrain
|upkeep
|
|t:|1781138246
|switch|p2a: Zamazenta|Zamazenta|78/100 psn
|turn|14
|
|t:|1781138255
|switch|p2a: Zapdos|Zapdos|100/100
|switch|p1a: Rotom|Rotom-Wash|10/100
|-damage|p1a: Rotom|0 fnt|[from] Stealth Rock
|faint|p1a: Rotom
|
|upkeep
|
|t:|1781138260
|switch|p1a: Garganacl|Garganacl, F|63/100
|-damage|p1a: Garganacl|50/100|[from] Stealth Rock
|turn|15
|
|t:|1781138264
|move|p1a: Garganacl|Protect|p1a: Garganacl
|-singleturn|p1a: Garganacl|Protect
|move|p2a: Zapdos|Volt Switch|p1a: Garganacl
|-activate|p1a: Garganacl|move: Protect
|
|-heal|p1a: Garganacl|57/100|[from] Grassy Terrain
|-heal|p1a: Garganacl|63/100|[from] item: Leftovers
|upkeep
|turn|16
|
|t:|1781138268
|move|p2a: Zapdos|Volt Switch|p1a: Garganacl
|-damage|p1a: Garganacl|36/100
|
|t:|1781138272
|switch|p2a: Garganacl|Garganacl, M|72/100|[from] Volt Switch
|move|p1a: Garganacl|Recover|p1a: Garganacl
|-heal|p1a: Garganacl|86/100
|
|-heal|p2a: Garganacl|78/100|[from] Grassy Terrain
|-heal|p1a: Garganacl|92/100|[from] Grassy Terrain
|-heal|p1a: Garganacl|99/100|[from] item: Leftovers
|upkeep
|turn|17
|
|t:|1781138276
|move|p1a: Garganacl|Protect|p1a: Garganacl
|-singleturn|p1a: Garganacl|Protect
|move|p2a: Garganacl|Salt Cure|p1a: Garganacl
|-activate|p1a: Garganacl|move: Protect
|
|-heal|p2a: Garganacl|84/100|[from] Grassy Terrain
|-heal|p1a: Garganacl|100/100|[from] Grassy Terrain
|-fieldend|move: Grassy Terrain
|upkeep
|turn|18
|
|t:|1781138279
|move|p2a: Garganacl|Salt Cure|p1a: Garganacl
|-damage|p1a: Garganacl|93/100
|-start|p1a: Garganacl|Salt Cure
|move|p1a: Garganacl|Salt Cure|p2a: Garganacl
|-damage|p2a: Garganacl|75/100
|-start|p2a: Garganacl|Salt Cure
|
|-heal|p1a: Garganacl|99/100|[from] item: Leftovers
|-damage|p2a: Garganacl|63/100|[from] Salt Cure
|-damage|p1a: Garganacl|87/100|[from] Salt Cure
|upkeep
|turn|19
|
|t:|1781138284
|move|p2a: Garganacl|Salt Cure|p1a: Garganacl
|-damage|p1a: Garganacl|79/100
|move|p1a: Garganacl|Salt Cure|p2a: Garganacl
|-damage|p2a: Garganacl|53/100
|
|-heal|p1a: Garganacl|85/100|[from] item: Leftovers
|-damage|p2a: Garganacl|41/100|[from] Salt Cure
|-damage|p1a: Garganacl|73/100|[from] Salt Cure
|upkeep
|turn|20
|
|t:|1781138288
|move|p2a: Garganacl|Salt Cure|p1a: Garganacl
|-damage|p1a: Garganacl|65/100
|move|p1a: Garganacl|Salt Cure|p2a: Garganacl
|-damage|p2a: Garganacl|32/100
|
|-heal|p1a: Garganacl|72/100|[from] item: Leftovers
|-damage|p2a: Garganacl|20/100|[from] Salt Cure
|-damage|p1a: Garganacl|59/100|[from] Salt Cure
|upkeep
|turn|21
|
|t:|1781138291
|move|p2a: Garganacl|Salt Cure|p1a: Garganacl
|-damage|p1a: Garganacl|51/100
|move|p1a: Garganacl|Recover|p1a: Garganacl
|-heal|p1a: Garganacl|100/100
|
|-damage|p2a: Garganacl|7/100|[from] Salt Cure
|-damage|p1a: Garganacl|88/100|[from] Salt Cure
|upkeep
|turn|22
|
|t:|1781138295
|move|p1a: Garganacl|Protect|p1a: Garganacl
|-singleturn|p1a: Garganacl|Protect
|move|p2a: Garganacl|Salt Cure|p1a: Garganacl
|-activate|p1a: Garganacl|move: Protect
|
|-heal|p1a: Garganacl|94/100|[from] item: Leftovers
|-damage|p2a: Garganacl|0 fnt|[from] Salt Cure
|faint|p2a: Garganacl
|-damage|p1a: Garganacl|82/100|[from] Salt Cure
|upkeep
|
|t:|1781138298
|switch|p2a: Zamazenta|Zamazenta|78/100 psn
|turn|23
|
|t:|1781138304
|switch|p1a: Gholdengo|Gholdengo|100/100
|-damage|p1a: Gholdengo|94/100|[from] Stealth Rock
|move|p2a: Zamazenta|Roar|p1a: Gholdengo
|-immune|p1a: Gholdengo|[from] ability: Good as Gold
|
|-damage|p2a: Zamazenta|66/100 psn|[from] psn
|upkeep
|turn|24
|
|t:|1781138315
|move|p1a: Gholdengo|Dazzling Gleam|p2a: Zamazenta
|-supereffective|p2a: Zamazenta
|-damage|p2a: Zamazenta|23/100 psn
|move|p2a: Zamazenta|Crunch|p1a: Gholdengo
|-supereffective|p1a: Gholdengo
|-damage|p1a: Gholdengo|44/100
|
|-damage|p2a: Zamazenta|11/100 psn|[from] psn
|upkeep
|turn|25
|
|t:|1781138320
|move|p1a: Gholdengo|Dazzling Gleam|p2a: Zamazenta
|-supereffective|p2a: Zamazenta
|-damage|p2a: Zamazenta|0 fnt
|faint|p2a: Zamazenta
|
|upkeep
|
|t:|1781138325
|switch|p2a: Samurott|Samurott-Hisui, F|100/100
|-status|p2a: Samurott|tox
|turn|26
|
|t:|1781138329
|move|p2a: Samurott|Razor Shell|p1a: Gholdengo
|-damage|p1a: Gholdengo|0 fnt
|faint|p1a: Gholdengo
|
|-damage|p2a: Samurott|94/100 tox|[from] psn
|upkeep
|
|t:|1781138337
|switch|p1a: Rillaboom|Rillaboom, F|60/100
|-damage|p1a: Rillaboom|48/100|[from] Stealth Rock
|-fieldstart|move: Grassy Terrain|[from] ability: Grassy Surge|[of] p1a: Rillaboom
|turn|27
|
|t:|1781138341
|switch|p2a: Clefable|Clefable, M|100/100
|move|p1a: Rillaboom|U-turn|p2a: Clefable
|-resisted|p2a: Clefable
|-damage|p2a: Clefable|89/100
|-damage|p1a: Rillaboom|38/100|[from] item: Life Orb
|
|t:|1781138344
|switch|p1a: Glimmora|Glimmora, F|14/100|[from] U-turn
|
|-heal|p1a: Glimmora|20/100|[from] Grassy Terrain
|-heal|p2a: Clefable|95/100|[from] Grassy Terrain
|upkeep
|turn|28
|
|t:|1781138350
|-terastallize|p2a: Clefable|Steel
|move|p1a: Glimmora|Mortal Spin|p2a: Clefable
|-immune|p2a: Clefable
|move|p2a: Clefable|Knock Off|p1a: Glimmora
|-damage|p1a: Glimmora|9/100
|-enditem|p1a: Glimmora|Heavy-Duty Boots|[from] move: Knock Off|[of] p2a: Clefable
|
|-heal|p1a: Glimmora|16/100|[from] Grassy Terrain
|-heal|p2a: Clefable|100/100|[from] Grassy Terrain
|upkeep
|turn|29
|
|t:|1781138354
|move|p1a: Glimmora|Earth Power|p2a: Clefable
|-supereffective|p2a: Clefable
|-damage|p2a: Clefable|47/100
|move|p2a: Clefable|Moonblast|p1a: Glimmora
|-resisted|p1a: Glimmora
|-damage|p1a: Glimmora|0 fnt
|faint|p1a: Glimmora
|
|-heal|p2a: Clefable|53/100|[from] Grassy Terrain
|upkeep
|
|t:|1781138362
|switch|p1a: Garganacl|Garganacl, F|82/100
|-damage|p1a: Garganacl|70/100|[from] Stealth Rock
|turn|30
|
|t:|1781138367
|move|p2a: Clefable|Knock Off|p1a: Garganacl
|-damage|p1a: Garganacl|62/100
|-enditem|p1a: Garganacl|Leftovers|[from] move: Knock Off|[of] p2a: Clefable
|move|p1a: Garganacl|Salt Cure|p2a: Clefable
|-resisted|p2a: Clefable
|-damage|p2a: Clefable|48/100
|-start|p2a: Clefable|Salt Cure
|
|-heal|p2a: Clefable|54/100|[from] Grassy Terrain
|-heal|p1a: Garganacl|68/100|[from] Grassy Terrain
|-damage|p2a: Clefable|29/100|[from] Salt Cure
|upkeep
|turn|31
|
|t:|1781138374
|move|p2a: Clefable|Moonlight|p2a: Clefable
|-heal|p2a: Clefable|79/100
|move|p1a: Garganacl|Recover|p1a: Garganacl
|-heal|p1a: Garganacl|100/100
|
|-heal|p2a: Clefable|85/100|[from] Grassy Terrain
|-damage|p2a: Clefable|60/100|[from] Salt Cure
|-fieldend|move: Grassy Terrain
|upkeep
|turn|32
|
|t:|1781138381
|move|p2a: Clefable|Moonlight|p2a: Clefable
|-heal|p2a: Clefable|100/100
|move|p1a: Garganacl|Curse|p1a: Garganacl
|-unboost|p1a: Garganacl|spe|1
|-boost|p1a: Garganacl|atk|1
|-boost|p1a: Garganacl|def|1
|
|-damage|p2a: Clefable|76/100|[from] Salt Cure
|upkeep
|turn|33
|
|t:|1781138388
|move|p2a: Clefable|Moonblast|p1a: Garganacl
|-damage|p1a: Garganacl|74/100
|move|p1a: Garganacl|Salt Cure|p2a: Clefable
|-resisted|p2a: Clefable
|-damage|p2a: Clefable|70/100
|
|-damage|p2a: Clefable|45/100|[from] Salt Cure
|upkeep
|turn|34
|
|t:|1781138393
|move|p1a: Garganacl|Protect|p1a: Garganacl
|-singleturn|p1a: Garganacl|Protect
|move|p2a: Clefable|Moonlight|p2a: Clefable
|-heal|p2a: Clefable|95/100
|
|-damage|p2a: Clefable|70/100|[from] Salt Cure
|upkeep
|turn|35
|
|t:|1781138397
|move|p2a: Clefable|Moonblast|p1a: Garganacl
|-damage|p1a: Garganacl|45/100
|move|p1a: Garganacl|Recover|p1a: Garganacl
|-heal|p1a: Garganacl|95/100
|
|-damage|p2a: Clefable|45/100|[from] Salt Cure
|upkeep
|turn|36
|
|t:|1781138402
|move|p1a: Garganacl|Protect|p1a: Garganacl
|-singleturn|p1a: Garganacl|Protect
|move|p2a: Clefable|Moonlight|p2a: Clefable
|-heal|p2a: Clefable|95/100
|
|-damage|p2a: Clefable|70/100|[from] Salt Cure
|upkeep
|turn|37
|
|t:|1781138409
|move|p2a: Clefable|Moonblast|p1a: Garganacl
|-damage|p1a: Garganacl|66/100
|move|p1a: Garganacl|Curse|p1a: Garganacl
|-unboost|p1a: Garganacl|spe|1
|-boost|p1a: Garganacl|atk|1
|-boost|p1a: Garganacl|def|1
|
|-damage|p2a: Clefable|45/100|[from] Salt Cure
|upkeep
|turn|38
|
|t:|1781138416
|move|p1a: Garganacl|Protect|p1a: Garganacl
|-singleturn|p1a: Garganacl|Protect
|move|p2a: Clefable|Moonlight|p2a: Clefable
|-heal|p2a: Clefable|95/100
|
|-damage|p2a: Clefable|71/100|[from] Salt Cure
|upkeep
|turn|39
|
|t:|1781138420
|move|p2a: Clefable|Moonblast|p1a: Garganacl
|-damage|p1a: Garganacl|39/100
|move|p1a: Garganacl|Recover|p1a: Garganacl
|-heal|p1a: Garganacl|89/100
|
|-damage|p2a: Clefable|46/100|[from] Salt Cure
|upkeep
|turn|40
|
|t:|1781138426
|move|p1a: Garganacl|Protect|p1a: Garganacl
|-singleturn|p1a: Garganacl|Protect
|move|p2a: Clefable|Moonlight|p2a: Clefable
|-heal|p2a: Clefable|96/100
|
|-damage|p2a: Clefable|71/100|[from] Salt Cure
|upkeep
|turn|41
|
|t:|1781138433
|move|p2a: Clefable|Moonblast|p1a: Garganacl
|-damage|p1a: Garganacl|62/100
|move|p1a: Garganacl|Curse|p1a: Garganacl
|-unboost|p1a: Garganacl|spe|1
|-boost|p1a: Garganacl|atk|1
|-boost|p1a: Garganacl|def|1
|
|-damage|p2a: Clefable|46/100|[from] Salt Cure
|upkeep
|turn|42
|
|t:|1781138437
|move|p1a: Garganacl|Protect|p1a: Garganacl
|-singleturn|p1a: Garganacl|Protect
|move|p2a: Clefable|Moonlight|p2a: Clefable
|-heal|p2a: Clefable|96/100
|
|-damage|p2a: Clefable|71/100|[from] Salt Cure
|upkeep
|turn|43
|
|t:|1781138444
|switch|p2a: Zapdos|Zapdos|100/100
|move|p1a: Garganacl|Recover|p1a: Garganacl
|-heal|p1a: Garganacl|100/100
|
|upkeep
|turn|44
|
|t:|1781138447
|move|p2a: Zapdos|Hurricane|p1a: Garganacl
|-resisted|p1a: Garganacl
|-damage|p1a: Garganacl|78/100
|move|p1a: Garganacl|Salt Cure|p2a: Zapdos
|-supereffective|p2a: Zapdos
|-damage|p2a: Zapdos|50/100
|-start|p2a: Zapdos|Salt Cure
|
|-damage|p2a: Zapdos|38/100|[from] Salt Cure
|upkeep
|turn|45
|
|t:|1781138451
|move|p1a: Garganacl|Protect|p1a: Garganacl
|-singleturn|p1a: Garganacl|Protect
|move|p2a: Zapdos|Roost|p2a: Zapdos
|-heal|p2a: Zapdos|88/100
|-singleturn|p2a: Zapdos|move: Roost
|
|-damage|p2a: Zapdos|75/100|[from] Salt Cure
|upkeep
|turn|46
|
|t:|1781138456
|move|p2a: Zapdos|Hurricane|p1a: Garganacl
|-resisted|p1a: Garganacl
|-damage|p1a: Garganacl|59/100
|move|p1a: Garganacl|Salt Cure|p2a: Zapdos
|-supereffective|p2a: Zapdos
|-damage|p2a: Zapdos|28/100
|
|-damage|p2a: Zapdos|16/100|[from] Salt Cure
|upkeep
|turn|47
|
|t:|1781138462
|move|p2a: Zapdos|Roost|p2a: Zapdos
|-heal|p2a: Zapdos|66/100
|-singleturn|p2a: Zapdos|move: Roost
|move|p1a: Garganacl|Curse|p1a: Garganacl
|-unboost|p1a: Garganacl|spe|1
|-boost|p1a: Garganacl|atk|1
|-boost|p1a: Garganacl|def|1
|
|-damage|p2a: Zapdos|54/100|[from] Salt Cure
|upkeep
|turn|48
|
|t:|1781138467
|move|p1a: Garganacl|Protect|p1a: Garganacl
|-singleturn|p1a: Garganacl|Protect
|move|p2a: Zapdos|Roost|p2a: Zapdos
|-heal|p2a: Zapdos|100/100
|-singleturn|p2a: Zapdos|move: Roost
|
|-damage|p2a: Zapdos|88/100|[from] Salt Cure
|upkeep
|turn|49
|
|t:|1781138471
|move|p2a: Zapdos|Hurricane|p1a: Garganacl
|-resisted|p1a: Garganacl
|-damage|p1a: Garganacl|40/100
|-start|p1a: Garganacl|confusion
|-activate|p1a: Garganacl|confusion
|-damage|p1a: Garganacl|35/100|[from] confusion
|
|-damage|p2a: Zapdos|76/100|[from] Salt Cure
|upkeep
|turn|50
|
|t:|1781138476
|move|p2a: Zapdos|Volt Switch|p1a: Garganacl
|-damage|p1a: Garganacl|10/100
|
|t:|1781138481
|switch|p2a: Clefable|Clefable, M, tera:Steel|71/100|[from] Volt Switch
|-activate|p1a: Garganacl|confusion
|move|p1a: Garganacl|Recover|p1a: Garganacl
|-heal|p1a: Garganacl|60/100
|
|upkeep
|turn|51
|
|t:|1781138488
|move|p2a: Clefable|Moonblast|p1a: Garganacl
|-damage|p1a: Garganacl|29/100
|-activate|p1a: Garganacl|confusion
|move|p1a: Garganacl|Salt Cure|p2a: Clefable
|-resisted|p2a: Clefable
|-damage|p2a: Clefable|65/100
|-start|p2a: Clefable|Salt Cure
|
|-damage|p2a: Clefable|40/100|[from] Salt Cure
|upkeep
|turn|52
|
|t:|1781138495
|-activate|p1a: Garganacl|confusion
|move|p1a: Garganacl|Protect|p1a: Garganacl
|-singleturn|p1a: Garganacl|Protect
|move|p2a: Clefable|Moonblast|p1a: Garganacl
|-activate|p1a: Garganacl|move: Protect
|
|-damage|p2a: Clefable|15/100|[from] Salt Cure
|upkeep
|turn|53
|
|t:|1781138501
|move|p2a: Clefable|Moonblast|p1a: Garganacl
|-damage|p1a: Garganacl|1/100
|-end|p1a: Garganacl|confusion
|move|p1a: Garganacl|Recover|p1a: Garganacl
|-heal|p1a: Garganacl|51/100
|
|-damage|p2a: Clefable|0 fnt|[from] Salt Cure
|faint|p2a: Clefable
|upkeep
|
|t:|1781138506
|switch|p2a: Zapdos|Zapdos|76/100
|turn|54
|
|t:|1781138512
|move|p1a: Garganacl|Protect|p1a: Garganacl
|-singleturn|p1a: Garganacl|Protect
|move|p2a: Zapdos|Roost|p2a: Zapdos
|-heal|p2a: Zapdos|100/100
|-singleturn|p2a: Zapdos|move: Roost
|
|upkeep
|turn|55
|
|t:|1781138515
|move|p2a: Zapdos|Hurricane|p1a: Garganacl|[miss]
|-miss|p2a: Zapdos|p1a: Garganacl
|move|p1a: Garganacl|Salt Cure|p2a: Zapdos
|-supereffective|p2a: Zapdos
|-damage|p2a: Zapdos|45/100
|-start|p2a: Zapdos|Salt Cure
|
|-damage|p2a: Zapdos|33/100|[from] Salt Cure
|upkeep
|turn|56
|
|t:|1781138519
|move|p2a: Zapdos|Roost|p2a: Zapdos
|-heal|p2a: Zapdos|83/100
|-singleturn|p2a: Zapdos|move: Roost
|move|p1a: Garganacl|Salt Cure|p2a: Zapdos
|-damage|p2a: Zapdos|54/100
|
|-damage|p2a: Zapdos|41/100|[from] Salt Cure
|upkeep
|turn|57
|
|t:|1781138522
|move|p2a: Zapdos|Roost|p2a: Zapdos
|-heal|p2a: Zapdos|92/100
|-singleturn|p2a: Zapdos|move: Roost
|move|p1a: Garganacl|Salt Cure|p2a: Zapdos
|-damage|p2a: Zapdos|62/100
|
|-damage|p2a: Zapdos|49/100|[from] Salt Cure
|upkeep
|turn|58
|
|t:|1781138528
|move|p2a: Zapdos|Roost|p2a: Zapdos
|-heal|p2a: Zapdos|99/100
|-singleturn|p2a: Zapdos|move: Roost
|move|p1a: Garganacl|Salt Cure|p2a: Zapdos
|-damage|p2a: Zapdos|69/100
|
|-damage|p2a: Zapdos|57/100|[from] Salt Cure
|upkeep
|turn|59
|
|t:|1781138553
|move|p2a: Zapdos|Roost|p2a: Zapdos
|-heal|p2a: Zapdos|100/100
|-singleturn|p2a: Zapdos|move: Roost
|move|p1a: Garganacl|Salt Cure|p2a: Zapdos
|-damage|p2a: Zapdos|73/100
|
|-damage|p2a: Zapdos|61/100|[from] Salt Cure
|upkeep
|turn|60
|
|t:|1781138556
|move|p1a: Garganacl|Protect|p1a: Garganacl
|-singleturn|p1a: Garganacl|Protect
|move|p2a: Zapdos|Volt Switch|p1a: Garganacl
|-activate|p1a: Garganacl|move: Protect
|
|-damage|p2a: Zapdos|48/100|[from] Salt Cure
|upkeep
|turn|61
|
|t:|1781138560
|move|p2a: Zapdos|Volt Switch|p1a: Garganacl
|-damage|p1a: Garganacl|24/100
|
|t:|1781138564
|switch|p2a: Samurott|Samurott-Hisui, F|94/100 tox|[from] Volt Switch
|move|p1a: Garganacl|Salt Cure|p2a: Samurott
|-damage|p2a: Samurott|41/100 tox
|-start|p2a: Samurott|Salt Cure
|
|-damage|p2a: Samurott|35/100 tox|[from] psn
|-damage|p2a: Samurott|10/100 tox|[from] Salt Cure
|upkeep
|turn|62
|
|t:|1781138569
|move|p2a: Samurott|Ceaseless Edge|p1a: Garganacl
|-damage|p1a: Garganacl|17/100
|-sidestart|p1: fivetomatoes|Spikes
|move|p1a: Garganacl|Salt Cure|p2a: Samurott
|-crit|p2a: Samurott
|-damage|p2a: Samurott|0 fnt
|faint|p2a: Samurott
|
|upkeep
|
|t:|1781138575
|switch|p2a: Zapdos|Zapdos|48/100
|turn|63
|
|t:|1781138579
|move|p1a: Garganacl|Protect|p1a: Garganacl
|-singleturn|p1a: Garganacl|Protect
|move|p2a: Zapdos|Discharge|p1a: Garganacl
|-activate|p1a: Garganacl|move: Protect
|
|upkeep
|turn|64
|
|t:|1781138583
|move|p2a: Zapdos|Volt Switch|p1a: Garganacl
|-damage|p1a: Garganacl|0 fnt
|faint|p1a: Garganacl
|
|upkeep
|
|t:|1781138586
|switch|p1a: Dragapult|Dragapult, F|100/100
|-damage|p1a: Dragapult|88/100|[from] Stealth Rock
|-damage|p1a: Dragapult|76/100|[from] Spikes
|turn|65
|
|t:|1781138592
|move|p1a: Dragapult|Dragon Darts|p2a: Zapdos
|-damage|p2a: Zapdos|33/100
|-anim|p1a: Dragapult|Dragon Darts|p2a: Zapdos
|-damage|p2a: Zapdos|19/100
|move|p2a: Zapdos|Hurricane|p1a: Dragapult|[miss]
|-miss|p2a: Zapdos|p1a: Dragapult
|
|-heal|p1a: Dragapult|82/100|[from] item: Leftovers
|upkeep
|turn|66
|
|t:|1781138598
|move|p1a: Dragapult|Dragon Darts|p2a: Zapdos
|-damage|p2a: Zapdos|4/100
|-anim|p1a: Dragapult|Dragon Darts|p2a: Zapdos
|-damage|p2a: Zapdos|0 fnt
|faint|p2a: Zapdos
|
|win|fivetomatoes
|raw|fivetomatoes's rating: 1582 &rarr; <strong>1606</strong><br />(+24 for winning)
|raw|KurisuChestnutLab's rating: 1651 &rarr; <strong>1627</strong><br />(-24 for losing)
