|j|☆masonc3456
|j|☆OUZQ Crocodile
|t:|1781261619
|gametype|singles
|player|p1|masonc3456|170|1531
|player|p2|OUZQ Crocodile|266|1622
|gen|9
|tier|[Gen 9] OU
|rated|
|rule|HP Percentage Mod: HP is shown in percentages
|rule|Endless Battle Clause: Forcing endless battles is banned
|rule|Species Clause: Limit one of each Pokémon
|rule|OHKO Clause: OHKO moves are banned
|rule|Evasion Items Clause: Evasion items are banned
|rule|Evasion Moves Clause: Evasion moves are banned
|rule|Evasion Abilities Clause: Evasion abilities are banned
|rule|Sleep Moves Clause: Sleep-inducing moves are banned
|clearpoke
|poke|p1|Darkrai|
|poke|p1|Great Tusk|
|poke|p1|Kingambit, F|
|poke|p1|Slowking-Galar, F|
|poke|p1|Moltres|
|poke|p1|Ogerpon, F|
|poke|p2|Houndstone, M|
|poke|p2|Tyranitar, F|
|poke|p2|Excadrill, F|
|poke|p2|Keldeo|
|poke|p2|Sinistcha|
|poke|p2|Moltres|
|teampreview
|inactive|Battle timer is ON: inactive players will automatically lose when time's up. (requested by OUZQ Crocodile)
|inactive|masonc3456 also wants the timer to be on.
|
|t:|1781261641
|teamsize|p1|6
|teamsize|p2|6
|start
|switch|p1a: Ogerpon|Ogerpon, F|100/100
|switch|p2a: Tyranitar|Tyranitar, F|100/100
|-weather|Sandstorm|[from] ability: Sand Stream|[of] p2a: Tyranitar
|turn|1
|
|t:|1781261647
|switch|p2a: Moltres|Moltres|100/100
|move|p1a: Ogerpon|U-turn|p2a: Moltres
|-resisted|p2a: Moltres
|-damage|p2a: Moltres|95/100
|
|t:|1781261660
|switch|p1a: Slowking|Slowking-Galar, F|100/100|[from] U-turn
|
|-weather|Sandstorm|[upkeep]
|-damage|p2a: Moltres|89/100|[from] Sandstorm
|-damage|p1a: Slowking|94/100|[from] Sandstorm
|upkeep
|turn|2
|
|t:|1781261666
|move|p2a: Moltres|U-turn|p1a: Slowking
|-damage|p1a: Slowking|80/100
|
|t:|1781261668
|switch|p2a: Houndstone|Houndstone, M|100/100|[from] U-turn
|move|p1a: Slowking|Sludge Bomb|p2a: Houndstone
|-resisted|p2a: Houndstone
|-damage|p2a: Houndstone|82/100
|
|-weather|Sandstorm|[upkeep]
|-damage|p1a: Slowking|74/100|[from] Sandstorm
|upkeep
|turn|3
|
|t:|1781261675
|switch|p1a: Darkrai|Darkrai|100/100
|move|p2a: Houndstone|Will-O-Wisp|p1a: Darkrai
|-status|p1a: Darkrai|brn
|
|-weather|Sandstorm|[upkeep]
|-damage|p1a: Darkrai|94/100 brn|[from] Sandstorm
|-damage|p1a: Darkrai|88/100 brn|[from] brn
|upkeep
|turn|4
|
|t:|1781261692
|switch|p2a: Tyranitar|Tyranitar, F|100/100
|move|p1a: Darkrai|Dark Pulse|p2a: Tyranitar
|-resisted|p2a: Tyranitar
|-damage|p2a: Tyranitar|79/100
|
|-weather|Sandstorm|[upkeep]
|-damage|p1a: Darkrai|82/100 brn|[from] Sandstorm
|-damage|p1a: Darkrai|76/100 brn|[from] brn
|upkeep
|turn|5
|
|t:|1781261710
|switch|p1a: Great Tusk|Great Tusk|100/100
|move|p2a: Tyranitar|Stealth Rock|p1a: Great Tusk
|-sidestart|p1: masonc3456|move: Stealth Rock
|
|-weather|none
|upkeep
|turn|6
|
|t:|1781261719
|switch|p2a: Sinistcha|Sinistcha|100/100
|move|p1a: Great Tusk|Headlong Rush|p2a: Sinistcha
|-resisted|p2a: Sinistcha
|-damage|p2a: Sinistcha|78/100
|-unboost|p1a: Great Tusk|def|1
|-unboost|p1a: Great Tusk|spd|1
|
|upkeep
|turn|7
|
|t:|1781261731
|-end|p1a: Great Tusk|Protosynthesis|[silent]
|switch|p1a: Slowking|Slowking-Galar, F|100/100
|-damage|p1a: Slowking|88/100|[from] Stealth Rock
|move|p2a: Sinistcha|Matcha Gotcha|p1a: Slowking
|-resisted|p1a: Slowking
|-damage|p1a: Slowking|82/100
|-heal|p2a: Sinistcha|82/100|[from] drain|[of] p1a: Slowking
|
|upkeep
|turn|8
|
|t:|1781261741
|switch|p2a: Tyranitar|Tyranitar, F|79/100
|-weather|Sandstorm|[from] ability: Sand Stream|[of] p2a: Tyranitar
|move|p1a: Slowking|Sludge Bomb|p2a: Tyranitar
|-resisted|p2a: Tyranitar
|-damage|p2a: Tyranitar|67/100
|-status|p2a: Tyranitar|psn
|
|-weather|Sandstorm|[upkeep]
|-damage|p1a: Slowking|76/100|[from] Sandstorm
|-damage|p2a: Tyranitar|55/100 psn|[from] psn
|upkeep
|turn|9
|
|t:|1781261752
|switch|p1a: Great Tusk|Great Tusk|100/100
|move|p2a: Tyranitar|Knock Off|p1a: Great Tusk
|-resisted|p1a: Great Tusk
|-damage|p1a: Great Tusk|78/100
|-enditem|p1a: Great Tusk|Heavy-Duty Boots|[from] move: Knock Off|[of] p2a: Tyranitar
|
|-weather|Sandstorm|[upkeep]
|-damage|p2a: Tyranitar|43/100 psn|[from] psn
|upkeep
|turn|10
|
|t:|1781261760
|switch|p2a: Keldeo|Keldeo|100/100
|move|p1a: Great Tusk|Stealth Rock|p2a: Keldeo
|-sidestart|p2: OUZQ Crocodile|move: Stealth Rock
|
|-weather|Sandstorm|[upkeep]
|-damage|p2a: Keldeo|94/100|[from] Sandstorm
|upkeep
|turn|11
|
|t:|1781261770
|-end|p1a: Great Tusk|Protosynthesis|[silent]
|switch|p1a: Slowking|Slowking-Galar, F|100/100
|-damage|p1a: Slowking|88/100|[from] Stealth Rock
|move|p2a: Keldeo|Flip Turn|p1a: Slowking
|-damage|p1a: Slowking|72/100
|
|t:|1781261772
|switch|p2a: Excadrill|Excadrill, F|100/100|[from] Flip Turn
|-damage|p2a: Excadrill|97/100|[from] Stealth Rock
|-item|p2a: Excadrill|Air Balloon
|
|-weather|Sandstorm|[upkeep]
|-damage|p1a: Slowking|66/100|[from] Sandstorm
|upkeep
|turn|12
|
|t:|1781261778
|switch|p1a: Moltres|Moltres|100/100
|move|p2a: Excadrill|Swords Dance|p2a: Excadrill
|-boost|p2a: Excadrill|atk|2
|
|-weather|none
|upkeep
|turn|13
|
|t:|1781261785
|move|p2a: Excadrill|Rock Slide|p1a: Moltres|[miss]
|-miss|p2a: Excadrill|p1a: Moltres
|move|p1a: Moltres|U-turn|p2a: Excadrill
|-resisted|p2a: Excadrill
|-damage|p2a: Excadrill|87/100
|-enditem|p2a: Excadrill|Air Balloon
|
|t:|1781261800
|switch|p1a: Darkrai|Darkrai|76/100 brn|[from] U-turn
|-damage|p1a: Darkrai|64/100 brn|[from] Stealth Rock
|
|-damage|p1a: Darkrai|58/100 brn|[from] brn
|upkeep
|turn|14
|
|t:|1781261808
|switch|p2a: Tyranitar|Tyranitar, F|43/100 psn
|-weather|Sandstorm|[from] ability: Sand Stream|[of] p2a: Tyranitar
|move|p1a: Darkrai|Dark Pulse|p2a: Tyranitar
|-resisted|p2a: Tyranitar
|-damage|p2a: Tyranitar|20/100 psn
|
|-weather|Sandstorm|[upkeep]
|-damage|p1a: Darkrai|52/100 brn|[from] Sandstorm
|-damage|p2a: Tyranitar|8/100 psn|[from] psn
|-damage|p1a: Darkrai|46/100 brn|[from] brn
|upkeep
|turn|15
|
|t:|1781261816
|switch|p2a: Keldeo|Keldeo|94/100
|-damage|p2a: Keldeo|88/100|[from] Stealth Rock
|move|p1a: Darkrai|Dark Pulse|p2a: Keldeo
|-resisted|p2a: Keldeo
|-damage|p2a: Keldeo|51/100
|-ability|p2a: Keldeo|Justified|boost
|-boost|p2a: Keldeo|atk|1
|
|-weather|Sandstorm|[upkeep]
|-damage|p1a: Darkrai|40/100 brn|[from] Sandstorm
|-damage|p2a: Keldeo|44/100|[from] Sandstorm
|-damage|p1a: Darkrai|34/100 brn|[from] brn
|upkeep
|turn|16
|
|t:|1781261841
|-terastallize|p1a: Darkrai|Dark
|move|p1a: Darkrai|Dark Pulse|p2a: Keldeo
|-resisted|p2a: Keldeo
|-damage|p2a: Keldeo|0 fnt
|faint|p2a: Keldeo
|
|-weather|Sandstorm|[upkeep]
|-damage|p1a: Darkrai|28/100 brn|[from] Sandstorm
|-damage|p1a: Darkrai|21/100 brn|[from] brn
|upkeep
|
|t:|1781261844
|switch|p2a: Excadrill|Excadrill, F|87/100
|-damage|p2a: Excadrill|84/100|[from] Stealth Rock
|turn|17
|
|t:|1781261863
|switch|p1a: Moltres|Moltres|100/100
|move|p2a: Excadrill|Earthquake|p1a: Moltres
|-immune|p1a: Moltres
|
|-weather|Sandstorm|[upkeep]
|-damage|p1a: Moltres|94/100|[from] Sandstorm
|upkeep
|turn|18
|
|t:|1781261869
|move|p2a: Excadrill|Rock Slide|p1a: Moltres
|-supereffective|p1a: Moltres
|-damage|p1a: Moltres|18/100
|move|p1a: Moltres|U-turn|p2a: Excadrill
|-resisted|p2a: Excadrill
|-damage|p2a: Excadrill|74/100
|
|t:|1781261877
|switch|p1a: Great Tusk|Great Tusk|78/100|[from] U-turn
|-damage|p1a: Great Tusk|75/100|[from] Stealth Rock
|
|-weather|none
|upkeep
|turn|19
|
|t:|1781261887
|switch|p2a: Sinistcha|Sinistcha|82/100
|move|p1a: Great Tusk|Rapid Spin|p2a: Sinistcha
|-immune|p2a: Sinistcha
|
|upkeep
|turn|20
|
|t:|1781261900
|-end|p1a: Great Tusk|Protosynthesis|[silent]
|switch|p1a: Slowking|Slowking-Galar, F|99/100
|-damage|p1a: Slowking|87/100|[from] Stealth Rock
|move|p2a: Sinistcha|Calm Mind|p2a: Sinistcha
|-boost|p2a: Sinistcha|spa|1
|-boost|p2a: Sinistcha|spd|1
|
|upkeep
|turn|21
|
|t:|1781261905
|-terastallize|p2a: Sinistcha|Poison
|move|p2a: Sinistcha|Calm Mind|p2a: Sinistcha
|-boost|p2a: Sinistcha|spa|1
|-boost|p2a: Sinistcha|spd|1
|move|p1a: Slowking|Sludge Bomb|p2a: Sinistcha
|-resisted|p2a: Sinistcha
|-damage|p2a: Sinistcha|73/100
|
|upkeep
|turn|22
|
|t:|1781261912
|switch|p1a: Moltres|Moltres|18/100
|move|p2a: Sinistcha|Calm Mind|p2a: Sinistcha
|-boost|p2a: Sinistcha|spa|1
|-boost|p2a: Sinistcha|spd|1
|
|upkeep
|turn|23
|
|t:|1781261919
|move|p2a: Sinistcha|Shadow Ball|p1a: Moltres
|-damage|p1a: Moltres|0 fnt
|faint|p1a: Moltres
|
|upkeep
|
|t:|1781261930
|switch|p1a: Great Tusk|Great Tusk|75/100
|-damage|p1a: Great Tusk|72/100|[from] Stealth Rock
|turn|24
|
|t:|1781261953
|switch|p2a: Moltres|Moltres|89/100
|move|p1a: Great Tusk|Headlong Rush|p2a: Moltres
|-immune|p2a: Moltres
|
|upkeep
|turn|25
|
|t:|1781261961
|move|p1a: Great Tusk|Rapid Spin|p2a: Moltres
|-damage|p2a: Moltres|74/100
|-boost|p1a: Great Tusk|spe|1
|-status|p1a: Great Tusk|brn|[from] ability: Flame Body|[of] p2a: Moltres
|-sideend|p1: masonc3456|Stealth Rock|[from] move: Rapid Spin|[of] p1a: Great Tusk
|move|p2a: Moltres|Flamethrower|p1a: Great Tusk
|-damage|p1a: Great Tusk|13/100 brn
|
|-damage|p1a: Great Tusk|7/100 brn|[from] brn
|upkeep
|turn|26
|
|t:|1781261973
|-end|p1a: Great Tusk|Protosynthesis|[silent]
|switch|p1a: Slowking|Slowking-Galar, F|100/100
|move|p2a: Moltres|U-turn|p1a: Slowking
|-damage|p1a: Slowking|86/100
|
|t:|1781261977
|switch|p2a: Houndstone|Houndstone, M|82/100|[from] U-turn
|-damage|p2a: Houndstone|69/100|[from] Stealth Rock
|
|upkeep
|turn|27
|
|t:|1781261987
|switch|p1a: Great Tusk|Great Tusk|7/100 brn
|move|p2a: Houndstone|Poltergeist||[still]
|-fail|p2a: Houndstone
|
|-damage|p1a: Great Tusk|0 fnt|[from] brn
|faint|p1a: Great Tusk
|-end|p1a: Great Tusk|Protosynthesis|[silent]
|upkeep
|
|t:|1781261992
|switch|p1a: Darkrai|Darkrai, tera:Dark|21/100 brn
|turn|28
|
|t:|1781262001
|switch|p2a: Tyranitar|Tyranitar, F|8/100 psn
|-weather|Sandstorm|[from] ability: Sand Stream|[of] p2a: Tyranitar
|move|p1a: Darkrai|Dark Pulse|p2a: Tyranitar
|-resisted|p2a: Tyranitar
|-damage|p2a: Tyranitar|0 fnt
|faint|p2a: Tyranitar
|
|-weather|Sandstorm|[upkeep]
|-damage|p1a: Darkrai|15/100 brn|[from] Sandstorm
|-damage|p1a: Darkrai|9/100 brn|[from] brn
|upkeep
|
|t:|1781262004
|switch|p2a: Excadrill|Excadrill, F|74/100
|-damage|p2a: Excadrill|71/100|[from] Stealth Rock
|turn|29
|
|t:|1781262019
|switch|p1a: Ogerpon|Ogerpon, F|100/100
|move|p2a: Excadrill|Rapid Spin|p1a: Ogerpon
|-damage|p1a: Ogerpon|76/100
|-boost|p2a: Excadrill|spe|1
|-sideend|p2: OUZQ Crocodile|Stealth Rock|[from] move: Rapid Spin|[of] p2a: Excadrill
|
|-weather|Sandstorm|[upkeep]
|-damage|p1a: Ogerpon|70/100|[from] Sandstorm
|upkeep
|turn|30
|
|t:|1781262029
|move|p2a: Excadrill|Rock Slide|p1a: Ogerpon
|-damage|p1a: Ogerpon|29/100
|move|p1a: Ogerpon|Ivy Cudgel|p2a: Excadrill
|-damage|p2a: Excadrill|4/100
|
|-weather|Sandstorm|[upkeep]
|-damage|p1a: Ogerpon|23/100|[from] Sandstorm
|upkeep
|turn|31
|
|t:|1781262036
|move|p2a: Excadrill|Earthquake|p1a: Ogerpon
|-resisted|p1a: Ogerpon
|-crit|p1a: Ogerpon
|-damage|p1a: Ogerpon|0 fnt
|faint|p1a: Ogerpon
|
|-weather|Sandstorm|[upkeep]
|upkeep
|
|t:|1781262041
|switch|p1a: Kingambit|Kingambit, F|100/100
|-activate|p1a: Kingambit|ability: Supreme Overlord
|-start|p1a: Kingambit|fallen3|[silent]
|-item|p1a: Kingambit|Air Balloon
|turn|32
|
|t:|1781262047
|move|p1a: Kingambit|Sucker Punch|p2a: Excadrill
|-damage|p2a: Excadrill|0 fnt
|faint|p2a: Excadrill
|
|-weather|none
|upkeep
|
|t:|1781262048
|switch|p2a: Moltres|Moltres|74/100
|turn|33
|
|t:|1781262053
|-end|p1a: Kingambit|fallen3|[silent]
|switch|p1a: Slowking|Slowking-Galar, F|100/100
|move|p2a: Moltres|Flamethrower|p1a: Slowking
|-damage|p1a: Slowking|86/100
|
|upkeep
|turn|34
|
|t:|1781262064
|move|p2a: Moltres|U-turn|p1a: Slowking
|-damage|p1a: Slowking|71/100
|
|t:|1781262067
|switch|p2a: Houndstone|Houndstone, M|69/100|[from] U-turn
|move|p1a: Slowking|Psychic Noise|p2a: Houndstone
|-damage|p2a: Houndstone|36/100
|-start|p2a: Houndstone|move: Heal Block
|
|upkeep
|turn|35
|
|t:|1781262077
|switch|p1a: Kingambit|Kingambit, F|100/100
|-activate|p1a: Kingambit|ability: Supreme Overlord
|-start|p1a: Kingambit|fallen3|[silent]
|-item|p1a: Kingambit|Air Balloon
|move|p2a: Houndstone|Poltergeist|p1a: Kingambit
|-activate|p1a: Kingambit|move: Poltergeist|Air Balloon
|-resisted|p1a: Kingambit
|-damage|p1a: Kingambit|71/100
|-enditem|p1a: Kingambit|Air Balloon
|
|-end|p2a: Houndstone|move: Heal Block
|upkeep
|turn|36
|
|t:|1781262086
|switch|p2a: Moltres|Moltres|74/100
|move|p1a: Kingambit|Sucker Punch||[still]
|-fail|p1a: Kingambit
|
|upkeep
|turn|37
|
|t:|1781262091
|move|p2a: Moltres|Flamethrower|p1a: Kingambit
|-supereffective|p1a: Kingambit
|-damage|p1a: Kingambit|0 fnt
|faint|p1a: Kingambit
|-end|p1a: Kingambit|fallen3|[silent]
|
|upkeep
|
|t:|1781262096
|switch|p1a: Darkrai|Darkrai, tera:Dark|9/100 brn
|turn|38
|
|t:|1781262100
|move|p1a: Darkrai|Dark Pulse|p2a: Moltres
|-damage|p2a: Moltres|12/100
|cant|p2a: Moltres|flinch
|
|-damage|p1a: Darkrai|3/100 brn|[from] brn
|upkeep
|turn|39
|
|t:|1781262112
|switch|p1a: Slowking|Slowking-Galar, F|100/100
|move|p2a: Moltres|U-turn|p1a: Slowking
|-damage|p1a: Slowking|87/100
|c|☆OUZQ Crocodile|GG
|
|t:|1781262116
|switch|p2a: Houndstone|Houndstone, M|36/100|[from] U-turn
|
|upkeep
|turn|40
|
|t:|1781262120
|move|p2a: Houndstone|Poltergeist|p1a: Slowking
|-activate|p1a: Slowking|move: Poltergeist|Assault Vest
|-supereffective|p1a: Slowking
|-damage|p1a: Slowking|0 fnt
|faint|p1a: Slowking
|
|upkeep
|
|t:|1781262124
|switch|p1a: Darkrai|Darkrai, tera:Dark|3/100 brn
|turn|41
|-message|masonc3456 forfeited.
|
|win|OUZQ Crocodile
|raw|masonc3456's rating: 1531 &rarr; <strong>1516</strong><br />(-15 for losing)
|raw|OUZQ Crocodile's rating: 1622 &rarr; <strong>1637</strong><br />(+15 for winning)
|l|☆OUZQ Crocodile
|player|p2|
|l|☆masonc3456
|player|p1|
