|j|☆Yujiro-Jamon
|j|☆KurisuChestnutOU
|t:|1781139901
|gametype|singles
|player|p1|Yujiro-Jamon|alder|1525
|player|p2|KurisuChestnutOU|may-contest|1487
|gen|9
|tier|[Gen 9] OU
|rated|
|rule|HP Percentage Mod: HP is shown in percentages
|rule|Endless Battle Clause: Forcing endless battles is banned
|rule|Species Clause: Limit one of each Pokémon
|rule|OHKO Clause: OHKO moves are banned
|rule|Evasion Items Clause: Evasion items are banned
|rule|Evasion Moves Clause: Evasion moves are banned
|rule|Evasion Abilities Clause: Evasion abilities are banned
|rule|Sleep Moves Clause: Sleep-inducing moves are banned
|clearpoke
|poke|p1|Deoxys-Speed|
|poke|p1|Clefable, M|
|poke|p1|Conkeldurr, M|
|poke|p1|Blaziken, M|
|poke|p1|Ting-Lu|
|poke|p1|Corviknight, F|
|poke|p2|Gliscor, M|
|poke|p2|Dondozo, M|
|poke|p2|Slowking-Galar, M|
|poke|p2|Gholdengo|
|poke|p2|Great Tusk|
|poke|p2|Kingambit, F|
|teampreview
|inactive|Battle timer is ON: inactive players will automatically lose when time's up. (requested by KurisuChestnutOU)
|
|t:|1781139908
|teamsize|p1|6
|teamsize|p2|6
|start
|switch|p1a: Deoxys|Deoxys-Speed|100/100
|switch|p2a: Gliscor|Gliscor, M|100/100
|-ability|p1a: Deoxys|Pressure
|turn|1
|
|t:|1781139913
|move|p2a: Gliscor|Protect|p2a: Gliscor
|-singleturn|p2a: Gliscor|Protect
|move|p1a: Deoxys|Ice Beam|p2a: Gliscor
|-activate|p2a: Gliscor|move: Protect
|
|-status|p2a: Gliscor|tox|[from] item: Toxic Orb
|upkeep
|turn|2
|
|t:|1781139920
|-terastallize|p2a: Gliscor|Water
|move|p1a: Deoxys|Ice Beam|p2a: Gliscor
|-resisted|p2a: Gliscor
|-damage|p2a: Gliscor|83/100 tox
|move|p2a: Gliscor|Knock Off|p1a: Deoxys
|-supereffective|p1a: Deoxys
|-damage|p1a: Deoxys|46/100
|-enditem|p1a: Deoxys|Leftovers|[from] move: Knock Off|[of] p2a: Gliscor
|
|-heal|p2a: Gliscor|95/100 tox|[from] ability: Poison Heal
|upkeep
|turn|3
|
|t:|1781139925
|move|p1a: Deoxys|Thunderbolt|p2a: Gliscor
|-supereffective|p2a: Gliscor
|-damage|p2a: Gliscor|27/100 tox
|move|p2a: Gliscor|Earthquake|p1a: Deoxys
|-damage|p1a: Deoxys|7/100
|
|-heal|p2a: Gliscor|39/100 tox|[from] ability: Poison Heal
|upkeep
|turn|4
|
|t:|1781139930
|move|p2a: Gliscor|Protect|p2a: Gliscor
|-singleturn|p2a: Gliscor|Protect
|move|p1a: Deoxys|Thunderbolt|p2a: Gliscor
|-activate|p2a: Gliscor|move: Protect
|
|-heal|p2a: Gliscor|52/100 tox|[from] ability: Poison Heal
|upkeep
|turn|5
|
|t:|1781139934
|switch|p2a: Slowking|Slowking-Galar, M|100/100
|move|p1a: Deoxys|Thunderbolt|p2a: Slowking
|-damage|p2a: Slowking|90/100
|
|upkeep
|turn|6
|
|t:|1781139938
|move|p1a: Deoxys|Psychic|p2a: Slowking
|-damage|p2a: Slowking|73/100
|move|p2a: Slowking|Future Sight|p1a: Deoxys
|-start|p2a: Slowking|move: Future Sight
|
|upkeep
|turn|7
|
|t:|1781139942
|switch|p1a: Ting-Lu|Ting-Lu|100/100
|-ability|p1a: Ting-Lu|Vessel of Ruin
|move|p2a: Slowking|Sludge Bomb|p1a: Ting-Lu
|-resisted|p1a: Ting-Lu
|-damage|p1a: Ting-Lu|92/100
|
|-heal|p1a: Ting-Lu|98/100|[from] item: Leftovers
|upkeep
|turn|8
|
|t:|1781139950
|switch|p2a: Gliscor|Gliscor, M, tera:Water|52/100 tox
|move|p1a: Ting-Lu|Stealth Rock|p2a: Gliscor
|-sidestart|p2: KurisuChestnutOU|move: Stealth Rock
|
|-end|p1a: Ting-Lu|move: Future Sight
|-immune|p1a: Ting-Lu
|-heal|p1a: Ting-Lu|100/100|[from] item: Leftovers
|-heal|p2a: Gliscor|64/100 tox|[from] ability: Poison Heal
|upkeep
|turn|9
|
|t:|1781139954
|switch|p1a: Corviknight|Corviknight, F|100/100
|move|p2a: Gliscor|Spikes|p1a: Corviknight
|-sidestart|p1: Yujiro-Jamon|Spikes
|
|-heal|p2a: Gliscor|77/100 tox|[from] ability: Poison Heal
|upkeep
|turn|10
|
|t:|1781139962
|move|p2a: Gliscor|Spikes|p1a: Corviknight
|-sidestart|p1: Yujiro-Jamon|Spikes
|move|p1a: Corviknight|Taunt|p2a: Gliscor
|-start|p2a: Gliscor|move: Taunt
|
|-heal|p2a: Gliscor|89/100 tox|[from] ability: Poison Heal
|upkeep
|turn|11
|
|t:|1781139969
|move|p2a: Gliscor|Knock Off|p1a: Corviknight
|-damage|p1a: Corviknight|87/100
|-damage|p2a: Gliscor|73/100 tox|[from] item: Rocky Helmet|[of] p1a: Corviknight
|-enditem|p1a: Corviknight|Rocky Helmet|[from] move: Knock Off|[of] p2a: Gliscor
|move|p1a: Corviknight|Defog|p2a: Gliscor
|-unboost|p2a: Gliscor|evasion|1
|-sideend|p2: KurisuChestnutOU|Stealth Rock|[from] move: Defog|[of] p1a: Corviknight
|-sideend|p1: Yujiro-Jamon|Spikes|[from] move: Defog|[of] p1a: Corviknight
|
|-heal|p2a: Gliscor|85/100 tox|[from] ability: Poison Heal
|upkeep
|turn|12
|-message|Yujiro-Jamon forfeited.
|
|win|KurisuChestnutOU
|raw|Yujiro-Jamon's rating: 1525 &rarr; <strong>1503</strong><br />(-22 for losing)
|raw|KurisuChestnutOU's rating: 1487 &rarr; <strong>1509</strong><br />(+22 for winning)
|l|☆Yujiro-Jamon
|player|p1|
