|j|☆crust king kahn
|j|☆smoldracovish
|t:|1780985057
|gametype|singles
|player|p1|crust king kahn|265|1493
|player|p2|smoldracovish|miku-ground|1562
|gen|9
|tier|[Gen 9] OU
|rated|
|rule|HP Percentage Mod: HP is shown in percentages
|rule|Endless Battle Clause: Forcing endless battles is banned
|rule|Species Clause: Limit one of each Pokémon
|rule|OHKO Clause: OHKO moves are banned
|rule|Evasion Items Clause: Evasion items are banned
|rule|Evasion Moves Clause: Evasion moves are banned
|rule|Evasion Abilities Clause: Evasion abilities are banned
|rule|Sleep Moves Clause: Sleep-inducing moves are banned
|clearpoke
|poke|p1|Ogerpon-Cornerstone, F|
|poke|p1|Gliscor, F|
|poke|p1|Gholdengo|
|poke|p1|Weezing-Galar, M|
|poke|p1|Kyurem|
|poke|p1|Alomomola, F|
|poke|p2|Gliscor, F|
|poke|p2|Alomomola, F|
|poke|p2|Pecharunt|
|poke|p2|Great Tusk|
|poke|p2|Iron Crown|
|poke|p2|Lokix, M|
|teampreview
|
|t:|1780985068
|teamsize|p1|6
|teamsize|p2|6
|start
|switch|p1a: Gliscor|Gliscor, F|100/100
|switch|p2a: Iron Crown|Iron Crown|100/100
|turn|1
|
|t:|1780985077
|move|p1a: Gliscor|Protect|p1a: Gliscor
|-singleturn|p1a: Gliscor|Protect
|move|p2a: Iron Crown|Tachyon Cutter|p1a: Gliscor
|-activate|p1a: Gliscor|move: Protect
|
|-status|p1a: Gliscor|tox|[from] item: Toxic Orb
|upkeep
|turn|2
|
|t:|1780985081
|switch|p1a: Alomomola|Alomomola, F|100/100
|move|p2a: Iron Crown|Tachyon Cutter|p1a: Alomomola
|-resisted|p1a: Alomomola
|-damage|p1a: Alomomola|91/100
|-resisted|p1a: Alomomola
|-damage|p1a: Alomomola|83/100
|-hitcount|p1a: Alomomola|2
|
|upkeep
|turn|3
|
|t:|1780985093
|-end|p2a: Iron Crown|Quark Drive|[silent]
|switch|p2a: Gliscor|Gliscor, F|100/100
|move|p1a: Alomomola|Flip Turn|p2a: Gliscor
|-supereffective|p2a: Gliscor
|-damage|p2a: Gliscor|79/100
|
|t:|1780985100
|switch|p1a: Kyurem|Kyurem|100/100|[from] Flip Turn
|-ability|p1a: Kyurem|Pressure
|
|-status|p2a: Gliscor|tox|[from] item: Toxic Orb
|upkeep
|turn|4
|
|t:|1780985108
|move|p2a: Gliscor|Protect|p2a: Gliscor
|-singleturn|p2a: Gliscor|Protect
|move|p1a: Kyurem|Ice Beam|p2a: Gliscor
|-activate|p2a: Gliscor|move: Protect
|
|-heal|p2a: Gliscor|92/100 tox|[from] ability: Poison Heal
|upkeep
|turn|5
|
|t:|1780985114
|switch|p2a: Alomomonguss|Alomomola, F|100/100
|move|p1a: Kyurem|Ice Beam|p2a: Alomomonguss
|-resisted|p2a: Alomomonguss
|-damage|p2a: Alomomonguss|90/100
|-status|p2a: Alomomonguss|frz
|
|upkeep
|turn|6
|
|t:|1780985122
|switch|p1a: Ogerpon|Ogerpon-Cornerstone, F|100/100
|cant|p2a: Alomomonguss|frz
|
|upkeep
|turn|7
|
|t:|1780985128
|switch|p2a: Pecharunt|Pecharunt|100/100
|move|p1a: Ogerpon|Swords Dance|p1a: Ogerpon
|-boost|p1a: Ogerpon|atk|2
|
|upkeep
|turn|8
|
|t:|1780985135
|switch|p1a: Gliscor|Gliscor, F|100/100 tox
|move|p2a: Pecharunt|Foul Play|p1a: Gliscor
|-damage|p1a: Gliscor|87/100 tox
|
|-heal|p1a: Gliscor|99/100 tox|[from] ability: Poison Heal
|upkeep
|turn|9
|
|t:|1780985138
|move|p2a: Pecharunt|Parting Shot|p1a: Gliscor
|-unboost|p1a: Gliscor|atk|1
|-unboost|p1a: Gliscor|spa|1
|
|t:|1780985140
|switch|p2a: Alomomonguss|Alomomola, F|100/100 frz|[from] Parting Shot
|move|p1a: Gliscor|Spikes|p2a: Alomomonguss
|-sidestart|p2: smoldracovish|Spikes
|
|-heal|p1a: Gliscor|100/100 tox|[from] ability: Poison Heal
|upkeep
|turn|10
|
|t:|1780985145
|switch|p1a: Ogerpon|Ogerpon-Cornerstone, F|100/100
|cant|p2a: Alomomonguss|frz
|
|upkeep
|turn|11
|
|t:|1780985148
|switch|p2a: Pecharunt|Pecharunt|100/100
|move|p1a: Ogerpon|Swords Dance|p1a: Ogerpon
|-boost|p1a: Ogerpon|atk|2
|
|upkeep
|turn|12
|
|t:|1780985159
|-terastallize|p1a: Ogerpon|Rock
|detailschange|p1a: Ogerpon|Ogerpon-Cornerstone-Tera, F, tera:Rock
|-ability|p1a: Ogerpon|Embody Aspect (Cornerstone)|boost
|-boost|p1a: Ogerpon|def|1
|move|p1a: Ogerpon|Ivy Cudgel|p2a: Pecharunt|[anim] Ivy Cudgel Rock
|-damage|p2a: Pecharunt|16/100
|move|p2a: Pecharunt|Malignant Chain|p1a: Ogerpon
|-resisted|p1a: Ogerpon
|-damage|p1a: Ogerpon|83/100
|-status|p1a: Ogerpon|tox
|-start|p1a: Ogerpon|confusion|[from] ability: Poison Puppeteer|[of] p2a: Pecharunt
|
|-damage|p1a: Ogerpon|77/100 tox|[from] psn
|upkeep
|turn|13
|
|t:|1780985168
|-activate|p1a: Ogerpon|confusion
|move|p1a: Ogerpon|Ivy Cudgel|p2a: Pecharunt|[anim] Ivy Cudgel Rock
|-damage|p2a: Pecharunt|0 fnt
|faint|p2a: Pecharunt
|
|-damage|p1a: Ogerpon|65/100 tox|[from] psn
|upkeep
|
|t:|1780985177
|switch|p2a: Gliscor|Gliscor, F|92/100 tox
|turn|14
|
|t:|1780985182
|switch|p1a: Alomomola|Alomomola, F|100/100
|move|p2a: Gliscor|Earthquake|p1a: Alomomola
|-damage|p1a: Alomomola|73/100
|
|-heal|p2a: Gliscor|100/100 tox|[from] ability: Poison Heal
|upkeep
|turn|15
|
|t:|1780985187
|move|p2a: Gliscor|Spikes|p1a: Alomomola
|-sidestart|p1: crust king kahn|Spikes
|move|p1a: Alomomola|Flip Turn|p2a: Gliscor
|-supereffective|p2a: Gliscor
|-damage|p2a: Gliscor|79/100 tox
|
|t:|1780985193
|switch|p1a: Kyurem|Kyurem|100/100|[from] Flip Turn
|-damage|p1a: Kyurem|88/100|[from] Spikes
|-ability|p1a: Kyurem|Pressure
|
|-heal|p2a: Gliscor|92/100 tox|[from] ability: Poison Heal
|upkeep
|turn|16
|
|t:|1780985197
|move|p2a: Gliscor|Protect|p2a: Gliscor
|-singleturn|p2a: Gliscor|Protect
|move|p1a: Kyurem|Freeze-Dry|p2a: Gliscor
|-activate|p2a: Gliscor|move: Protect
|
|-heal|p2a: Gliscor|100/100 tox|[from] ability: Poison Heal
|upkeep
|turn|17
|
|t:|1780985202
|switch|p2a: Iron Crown|Iron Crown|100/100
|-damage|p2a: Iron Crown|88/100|[from] Spikes
|move|p1a: Kyurem|Freeze-Dry|p2a: Iron Crown
|-resisted|p2a: Iron Crown
|-damage|p2a: Iron Crown|71/100
|
|upkeep
|turn|18
|
|t:|1780985207
|switch|p1a: Alomomola|Alomomola, F|100/100
|-damage|p1a: Alomomola|88/100|[from] Spikes
|move|p2a: Iron Crown|Volt Switch|p1a: Alomomola
|-supereffective|p1a: Alomomola
|-damage|p1a: Alomomola|52/100
|
|t:|1780985211
|-end|p2a: Iron Crown|Quark Drive|[silent]
|switch|p2a: Lokix|Lokix, M|100/100|[from] Volt Switch
|-damage|p2a: Lokix|88/100|[from] Spikes
|
|upkeep
|turn|19
|inactive|Battle timer is ON: inactive players will automatically lose when time's up. (requested by crust king kahn)
|
|t:|1780985216
|switch|p1a: Gliscor|Gliscor, F|100/100 tox
|move|p2a: Lokix|Knock Off|p1a: Gliscor
|-damage|p1a: Gliscor|55/100 tox
|-enditem|p1a: Gliscor|Toxic Orb|[from] move: Knock Off|[of] p2a: Lokix
|
|-heal|p1a: Gliscor|67/100 tox|[from] ability: Poison Heal
|upkeep
|turn|20
|
|t:|1780985221
|switch|p2a: Alomomonguss|Alomomola, F|100/100 frz
|-damage|p2a: Alomomonguss|88/100 frz|[from] Spikes
|move|p1a: Gliscor|Spikes|p2a: Alomomonguss
|-sidestart|p2: smoldracovish|Spikes
|
|-heal|p1a: Gliscor|80/100 tox|[from] ability: Poison Heal
|upkeep
|turn|21
|
|t:|1780985227
|move|p1a: Gliscor|Knock Off|p2a: Alomomonguss
|-damage|p2a: Alomomonguss|71/100 frz
|-enditem|p2a: Alomomonguss|Assault Vest|[from] move: Knock Off|[of] p1a: Gliscor
|cant|p2a: Alomomonguss|frz
|
|-heal|p1a: Gliscor|92/100 tox|[from] ability: Poison Heal
|upkeep
|turn|22
|
|t:|1780985230
|move|p1a: Gliscor|Spikes|p2a: Alomomonguss
|-sidestart|p2: smoldracovish|Spikes
|-curestatus|p2a: Alomomonguss|frz|[msg]
|move|p2a: Alomomonguss|Flip Turn|p1a: Gliscor
|-supereffective|p1a: Gliscor
|-damage|p1a: Gliscor|69/100 tox
|
|t:|1780985232
|switch|p2a: Great Tusk|Great Tusk|100/100|[from] Flip Turn
|-damage|p2a: Great Tusk|76/100|[from] Spikes
|
|-heal|p1a: Gliscor|82/100 tox|[from] ability: Poison Heal
|upkeep
|turn|23
|
|t:|1780985238
|move|p1a: Gliscor|Protect|p1a: Gliscor
|-singleturn|p1a: Gliscor|Protect
|move|p2a: Great Tusk|Rapid Spin|p1a: Gliscor
|-activate|p1a: Gliscor|move: Protect
|
|-heal|p1a: Gliscor|94/100 tox|[from] ability: Poison Heal
|upkeep
|turn|24
|
|t:|1780985253
|move|p2a: Great Tusk|Ice Spinner|p1a: Gliscor
|-supereffective|p1a: Gliscor
|-damage|p1a: Gliscor|25/100 tox
|move|p1a: Gliscor|Knock Off|p2a: Great Tusk
|-resisted|p2a: Great Tusk
|-damage|p2a: Great Tusk|67/100
|-damage|p1a: Gliscor|9/100 tox|[from] item: Rocky Helmet|[of] p2a: Great Tusk
|-enditem|p2a: Great Tusk|Rocky Helmet|[from] move: Knock Off|[of] p1a: Gliscor
|
|-heal|p1a: Gliscor|21/100 tox|[from] ability: Poison Heal
|upkeep
|turn|25
|
|t:|1780985261
|move|p1a: Gliscor|Protect|p1a: Gliscor
|-singleturn|p1a: Gliscor|Protect
|move|p2a: Great Tusk|Stealth Rock|p1a: Gliscor
|-sidestart|p1: crust king kahn|move: Stealth Rock
|
|-heal|p1a: Gliscor|34/100 tox|[from] ability: Poison Heal
|upkeep
|turn|26
|
|t:|1780985267
|switch|p1a: Alomomola|Alomomola, F|85/100
|-damage|p1a: Alomomola|73/100|[from] Spikes
|-damage|p1a: Alomomola|60/100|[from] Stealth Rock
|move|p2a: Great Tusk|Headlong Rush|p1a: Alomomola
|-damage|p1a: Alomomola|15/100
|-unboost|p2a: Great Tusk|def|1
|-unboost|p2a: Great Tusk|spd|1
|
|upkeep
|turn|27
|
|t:|1780985275
|switch|p1a: Gholdengo|Gholdengo|100/100
|-damage|p1a: Gholdengo|88/100|[from] Spikes
|-damage|p1a: Gholdengo|82/100|[from] Stealth Rock
|move|p2a: Great Tusk|Ice Spinner|p1a: Gholdengo
|-resisted|p1a: Gholdengo
|-damage|p1a: Gholdengo|66/100
|
|upkeep
|turn|28
|
|t:|1780985283
|-end|p2a: Great Tusk|Protosynthesis|[silent]
|switch|p2a: Alomomonguss|Alomomola, F|100/100
|-damage|p2a: Alomomonguss|76/100|[from] Spikes
|move|p1a: Gholdengo|Shadow Ball|p2a: Alomomonguss
|-damage|p2a: Alomomonguss|28/100
|-unboost|p2a: Alomomonguss|spd|1
|
|upkeep
|turn|29
|
|t:|1780985305
|move|p2a: Alomomonguss|Aqua Jet|p1a: Gholdengo
|-damage|p1a: Gholdengo|52/100
|move|p1a: Gholdengo|Shadow Ball|p2a: Alomomonguss
|-crit|p2a: Alomomonguss
|-damage|p2a: Alomomonguss|0 fnt
|faint|p2a: Alomomonguss
|
|upkeep
|
|t:|1780985306
|switch|p2a: Gliscor|Gliscor, F|100/100 tox
|turn|30
|
|t:|1780985309
|move|p1a: Gholdengo|Shadow Ball|p2a: Gliscor
|-damage|p2a: Gliscor|19/100 tox
|move|p2a: Gliscor|Spikes|p1a: Gholdengo
|-sidestart|p1: crust king kahn|Spikes
|
|-heal|p2a: Gliscor|32/100 tox|[from] ability: Poison Heal
|upkeep
|turn|31
|
|t:|1780985314
|move|p2a: Gliscor|Protect|p2a: Gliscor
|-singleturn|p2a: Gliscor|Protect
|move|p1a: Gholdengo|Shadow Ball|p2a: Gliscor
|-activate|p2a: Gliscor|move: Protect
|
|-heal|p2a: Gliscor|44/100 tox|[from] ability: Poison Heal
|upkeep
|turn|32
|
|t:|1780985324
|move|p1a: Gholdengo|Shadow Ball|p2a: Gliscor
|-damage|p2a: Gliscor|0 fnt
|faint|p2a: Gliscor
|
|upkeep
|
|t:|1780985327
|switch|p2a: Lokix|Lokix, M|88/100
|-damage|p2a: Lokix|63/100|[from] Spikes
|turn|33
|
|t:|1780985331
|move|p1a: Gholdengo|Shadow Ball|p2a: Lokix
|-resisted|p2a: Lokix
|-damage|p2a: Lokix|2/100
|move|p2a: Lokix|Knock Off|p1a: Gholdengo
|-supereffective|p1a: Gholdengo
|-damage|p1a: Gholdengo|0 fnt
|-enditem|p1a: Gholdengo|Choice Specs|[from] move: Knock Off|[of] p2a: Lokix
|faint|p1a: Gholdengo
|
|upkeep
|
|t:|1780985336
|switch|p1a: Weezing|Weezing-Galar, M|100/100
|-ability|p1a: Weezing|Neutralizing Gas
|-damage|p1a: Weezing|84/100|[from] Spikes
|-damage|p1a: Weezing|72/100|[from] Stealth Rock
|turn|34
|
|t:|1780985339
|move|p2a: Lokix|Knock Off|p1a: Weezing
|-resisted|p1a: Weezing
|-damage|p1a: Weezing|49/100
|-enditem|p1a: Weezing|Leftovers|[from] move: Knock Off|[of] p2a: Lokix
|move|p1a: Weezing|Defog|p2a: Lokix
|-unboost|p2a: Lokix|evasion|1
|-sideend|p2: smoldracovish|Spikes|[from] move: Defog|[of] p1a: Weezing
|-sideend|p1: crust king kahn|Spikes|[from] move: Defog|[of] p1a: Weezing
|-sideend|p1: crust king kahn|Stealth Rock|[from] move: Defog|[of] p1a: Weezing
|
|upkeep
|turn|35
|
|t:|1780985358
|-end|p1a: Weezing|ability: Neutralizing Gas
|switch|p1a: Gliscor|Gliscor, F|34/100 tox
|move|p2a: Lokix|Knock Off|p1a: Gliscor
|-damage|p1a: Gliscor|4/100 tox
|
|-heal|p1a: Gliscor|16/100 tox|[from] ability: Poison Heal
|upkeep
|turn|36
|
|t:|1780985379
|switch|p2a: Great Tusk|Great Tusk|67/100
|move|p1a: Gliscor|Protect||[still]
|-fail|p1a: Gliscor
|
|-heal|p1a: Gliscor|28/100 tox|[from] ability: Poison Heal
|upkeep
|turn|37
|
|t:|1780985391
|move|p2a: Great Tusk|Rapid Spin|p1a: Gliscor
|-damage|p1a: Gliscor|18/100 tox
|-boost|p2a: Great Tusk|spe|1
|move|p1a: Gliscor|Earthquake|p2a: Great Tusk
|-damage|p2a: Great Tusk|41/100
|
|-heal|p1a: Gliscor|31/100 tox|[from] ability: Poison Heal
|upkeep
|turn|38
|
|t:|1780985402
|move|p2a: Great Tusk|Ice Spinner|p1a: Gliscor
|-supereffective|p1a: Gliscor
|-damage|p1a: Gliscor|0 fnt
|faint|p1a: Gliscor
|
|upkeep
|
|t:|1780985406
|switch|p1a: Kyurem|Kyurem|88/100
|-ability|p1a: Kyurem|Pressure
|turn|39
|
|t:|1780985410
|move|p1a: Kyurem|Earth Power|p2a: Great Tusk
|-damage|p2a: Great Tusk|0 fnt
|faint|p2a: Great Tusk
|-end|p2a: Great Tusk|Protosynthesis|[silent]
|
|upkeep
|
|t:|1780985424
|switch|p2a: Lokix|Lokix, M|2/100
|turn|40
|
|t:|1780985428
|switch|p1a: Ogerpon|Ogerpon-Cornerstone-Tera, F, tera:Rock|65/100 tox
|-ability|p1a: Ogerpon|Embody Aspect (Cornerstone)|boost
|-boost|p1a: Ogerpon|def|1
|move|p2a: Lokix|First Impression|p1a: Ogerpon
|-damage|p1a: Ogerpon|11/100 tox
|
|-damage|p1a: Ogerpon|5/100 tox|[from] psn
|upkeep
|turn|41
|
|t:|1780985433
|move|p2a: Lokix|First Impression||[still]
|-hint|First Impression only works on your first turn out.
|-fail|p2a: Lokix
|move|p1a: Ogerpon|Ivy Cudgel|p2a: Lokix|[anim] Ivy Cudgel Rock
|-supereffective|p2a: Lokix
|-damage|p2a: Lokix|0 fnt
|faint|p2a: Lokix
|
|-damage|p1a: Ogerpon|0 fnt|[from] psn
|faint|p1a: Ogerpon
|detailschange|p1: Ogerpon|Ogerpon-Cornerstone, F|[silent]
|upkeep
|
|t:|1780985437
|switch|p1a: Alomomola|Alomomola, F|48/100
|switch|p2a: Iron Crown|Iron Crown|71/100
|turn|42
|
|t:|1780985443
|switch|p1a: Weezing|Weezing-Galar, M|49/100
|-ability|p1a: Weezing|Neutralizing Gas
|-terastallize|p2a: Iron Crown|Steel
|move|p2a: Iron Crown|Tachyon Cutter|p1a: Weezing
|-supereffective|p1a: Weezing
|-damage|p1a: Weezing|0 fnt
|faint|p1a: Weezing
|-end|p1a: Weezing|ability: Neutralizing Gas
|-hitcount|p1: Weezing|1
|
|upkeep
|
|t:|1780985450
|switch|p1a: Alomomola|Alomomola, F|82/100
|turn|43
|
|t:|1780985452
|move|p2a: Iron Crown|Tachyon Cutter|p1a: Alomomola
|-resisted|p1a: Alomomola
|-damage|p1a: Alomomola|70/100
|-resisted|p1a: Alomomola
|-damage|p1a: Alomomola|58/100
|-hitcount|p1a: Alomomola|2
|move|p1a: Alomomola|Mirror Coat|p2a: Iron Crown
|-damage|p2a: Iron Crown|33/100
|
|upkeep
|turn|44
|
|t:|1780985457
|move|p2a: Iron Crown|Tachyon Cutter|p1a: Alomomola
|-resisted|p1a: Alomomola
|-damage|p1a: Alomomola|45/100
|-resisted|p1a: Alomomola
|-damage|p1a: Alomomola|33/100
|-hitcount|p1a: Alomomola|2
|move|p1a: Alomomola|Mirror Coat|p2a: Iron Crown
|-damage|p2a: Iron Crown|0 fnt
|faint|p2a: Iron Crown
|-end|p2a: Iron Crown|Quark Drive|[silent]
|
|win|crust king kahn
|raw|crust king kahn's rating: 1493 &rarr; <strong>1517</strong><br />(+24 for winning)
|raw|smoldracovish's rating: 1562 &rarr; <strong>1538</strong><br />(-24 for losing)
|c|☆crust king kahn|ggwp
|c|☆smoldracovish|Gg
|l|☆smoldracovish
|player|p2|
