|j|☆hdy nb
|j|☆POESIE CLANDESTINE
|t:|1781340262
|gametype|singles
|player|p1|hdy nb|colress|1590
|player|p2|POESIE CLANDESTINE|backpacker|1591
|gen|9
|tier|[Gen 9] OU
|rated|
|rule|HP Percentage Mod: HP is shown in percentages
|rule|Endless Battle Clause: Forcing endless battles is banned
|rule|Species Clause: Limit one of each Pokémon
|rule|OHKO Clause: OHKO moves are banned
|rule|Evasion Items Clause: Evasion items are banned
|rule|Evasion Moves Clause: Evasion moves are banned
|rule|Evasion Abilities Clause: Evasion abilities are banned
|rule|Sleep Moves Clause: Sleep-inducing moves are banned
|clearpoke
|poke|p1|Pelipper, F|
|poke|p1|Zapdos|
|poke|p1|Barraskewda, M|
|poke|p1|Iron Treads|
|poke|p1|Primarina, F|
|poke|p1|Overqwil, F|
|poke|p2|Great Tusk|
|poke|p2|Corviknight, F|
|poke|p2|Slowking-Galar, M|
|poke|p2|Kyurem|
|poke|p2|Cinderace, M|
|poke|p2|Ting-Lu|
|teampreview
|
|t:|1781340286
|teamsize|p1|6
|teamsize|p2|6
|start
|switch|p1a: Iron Treads|Iron Treads|100/100
|switch|p2a: Cinderace|Cinderace, M|100/100
|turn|1
|
|t:|1781340312
|-end|p1a: Iron Treads|Quark Drive|[silent]
|switch|p1a: Pelipper|Pelipper, F|100/100
|-weather|RainDance|[from] ability: Drizzle|[of] p1a: Pelipper
|move|p2a: Cinderace|Pyro Ball|p1a: Pelipper
|-resisted|p1a: Pelipper
|-damage|p1a: Pelipper|88/100
|
|-weather|RainDance|[upkeep]
|upkeep
|turn|2
|
|t:|1781340324
|switch|p2a: Slowking|Slowking-Galar, M|100/100
|move|p1a: Pelipper|U-turn|p2a: Slowking
|-damage|p2a: Slowking|94/100
|
|t:|1781340330
|switch|p1a: Barraskewda|Barraskewda, M|100/100|[from] U-turn
|
|-weather|RainDance|[upkeep]
|upkeep
|turn|3
|
|t:|1781340354
|-terastallize|p1a: Barraskewda|Water
|-terastallize|p2a: Slowking|Water
|move|p1a: Barraskewda|Liquidation|p2a: Slowking
|-resisted|p2a: Slowking
|-damage|p2a: Slowking|33/100
|move|p2a: Slowking|Thunder Wave|p1a: Barraskewda
|-status|p1a: Barraskewda|par
|
|-weather|RainDance|[upkeep]
|upkeep
|turn|4
|
|t:|1781340392
|switch|p2a: Corviknight|Corviknight, F|100/100
|-ability|p2a: Corviknight|Pressure
|move|p1a: Barraskewda|Liquidation|p2a: Corviknight
|-damage|p2a: Corviknight|24/100
|-damage|p1a: Barraskewda|84/100 par|[from] item: Rocky Helmet|[of] p2a: Corviknight
|
|-weather|RainDance|[upkeep]
|upkeep
|turn|5
|
|t:|1781340405
|switch|p2a: Slowking|Slowking-Galar, M, tera:Water|66/100
|cant|p1a: Barraskewda|par
|
|-weather|RainDance|[upkeep]
|upkeep
|turn|6
|
|t:|1781340416
|move|p1a: Barraskewda|Liquidation|p2a: Slowking
|-resisted|p2a: Slowking
|-damage|p2a: Slowking|6/100
|-unboost|p2a: Slowking|def|1
|-prepare|p2a: Slowking|Chilly Reception|[premajor]
|move|p2a: Slowking|Chilly Reception|p2a: Slowking
|-weather|Snowscape
|
|t:|1781340427
|switch|p2a: Corviknight|Corviknight, F|24/100|[from] Chilly Reception
|-ability|p2a: Corviknight|Pressure
|
|-weather|Snowscape|[upkeep]
|upkeep
|turn|7
|
|t:|1781340434
|move|p1a: Barraskewda|Liquidation|p2a: Corviknight
|-damage|p2a: Corviknight|0 fnt
|-damage|p1a: Barraskewda|68/100 par|[from] item: Rocky Helmet|[of] p2a: Corviknight
|faint|p2a: Corviknight
|
|-weather|Snowscape|[upkeep]
|upkeep
|
|t:|1781340479
|switch|p2a: Great Tusk|Great Tusk|100/100
|turn|8
|
|t:|1781340496
|switch|p1a: Pelipper|Pelipper, F|88/100
|-weather|RainDance|[from] ability: Drizzle|[of] p1a: Pelipper
|move|p2a: Great Tusk|Knock Off|p1a: Pelipper
|-damage|p1a: Pelipper|60/100
|-enditem|p1a: Pelipper|Damp Rock|[from] move: Knock Off|[of] p2a: Great Tusk
|
|-weather|RainDance|[upkeep]
|upkeep
|turn|9
|
|t:|1781340508
|move|p2a: Great Tusk|Rapid Spin|p1a: Pelipper
|-damage|p1a: Pelipper|46/100
|-boost|p2a: Great Tusk|spe|1
|move|p1a: Pelipper|U-turn|p2a: Great Tusk
|-resisted|p2a: Great Tusk
|-damage|p2a: Great Tusk|98/100
|
|t:|1781340525
|switch|p1a: Primarina|Primarina, F|100/100|[from] U-turn
|
|-weather|RainDance|[upkeep]
|upkeep
|turn|10
|
|t:|1781340540
|-end|p2a: Great Tusk|Protosynthesis|[silent]
|switch|p2a: Slowking|Slowking-Galar, M, tera:Water|39/100
|move|p1a: Primarina|Hyper Voice|p2a: Slowking
|-resisted|p2a: Slowking
|-damage|p2a: Slowking|14/100
|
|-weather|RainDance|[upkeep]
|upkeep
|turn|11
|
|t:|1781340551
|switch|p2a: Kyurem|Kyurem|100/100
|-ability|p2a: Kyurem|Pressure
|move|p1a: Primarina|Hyper Voice|p2a: Kyurem
|-resisted|p2a: Kyurem
|-damage|p2a: Kyurem|65/100
|
|-weather|RainDance|[upkeep]
|upkeep
|turn|12
|
|t:|1781340602
|switch|p2a: Cinderace|Cinderace, M|100/100
|move|p1a: Primarina|Moonblast|p2a: Cinderace
|-resisted|p2a: Cinderace
|-damage|p2a: Cinderace|60/100
|
|-weather|RainDance|[upkeep]
|upkeep
|turn|13
|
|t:|1781340613
|move|p2a: Cinderace|Trailblaze|p1a: Primarina
|-supereffective|p1a: Primarina
|-damage|p1a: Primarina|62/100
|-boost|p2a: Cinderace|spe|1
|move|p1a: Primarina|Moonblast|p2a: Cinderace
|-resisted|p2a: Cinderace
|-damage|p2a: Cinderace|21/100
|
|-weather|RainDance|[upkeep]
|-heal|p1a: Primarina|68/100|[from] item: Leftovers
|upkeep
|turn|14
|
|t:|1781340660
|switch|p2a: Slowking|Slowking-Galar, M, tera:Water|48/100
|move|p1a: Primarina|Moonblast|p2a: Slowking
|-damage|p2a: Slowking|15/100
|-unboost|p2a: Slowking|spa|1
|
|-weather|RainDance|[upkeep]
|-heal|p1a: Primarina|74/100|[from] item: Leftovers
|upkeep
|turn|15
|
|t:|1781340699
|switch|p2a: Cinderace|Cinderace, M|21/100
|move|p1a: Primarina|Moonblast|p2a: Cinderace
|-resisted|p2a: Cinderace
|-damage|p2a: Cinderace|0 fnt
|faint|p2a: Cinderace
|
|-weather|none
|-heal|p1a: Primarina|80/100|[from] item: Leftovers
|upkeep
|
|t:|1781340744
|switch|p2a: Slowking|Slowking-Galar, M, tera:Water|48/100
|turn|16
|
|t:|1781340759
|move|p1a: Primarina|Substitute|p1a: Primarina
|-start|p1a: Primarina|Substitute
|-damage|p1a: Primarina|55/100
|move|p2a: Slowking|Thunder Wave|p1a: Primarina|[miss]
|-miss|p2a: Slowking|p1a: Primarina
|
|-heal|p1a: Primarina|61/100|[from] item: Leftovers
|upkeep
|turn|17
|
|t:|1781340769
|move|p1a: Primarina|Calm Mind|p1a: Primarina
|-boost|p1a: Primarina|spa|1
|-boost|p1a: Primarina|spd|1
|move|p2a: Slowking|Sludge Bomb|p1a: Primarina
|-supereffective|p1a: Primarina
|-end|p1a: Primarina|Substitute
|
|-heal|p1a: Primarina|67/100|[from] item: Leftovers
|upkeep
|turn|18
|
|t:|1781340779
|move|p1a: Primarina|Moonblast|p2a: Slowking
|-damage|p2a: Slowking|0 fnt
|faint|p2a: Slowking
|
|-heal|p1a: Primarina|73/100|[from] item: Leftovers
|upkeep
|-message|POESIE CLANDESTINE forfeited.
|
|win|hdy nb
|raw|hdy nb's rating: 1590 &rarr; <strong>1610</strong><br />(+20 for winning)
|raw|POESIE CLANDESTINE's rating: 1591 &rarr; <strong>1571</strong><br />(-20 for losing)
|l|☆POESIE CLANDESTINE
|player|p2|
|l|☆hdy nb
|player|p1|
