|j|☆Luisowbro
|j|☆OUZQ Crocodile
|t:|1781353858
|gametype|singles
|player|p1|Luisowbro|ingo|1651
|player|p2|OUZQ Crocodile|101|1641
|gen|9
|tier|[Gen 9] OU
|rated|
|rule|HP Percentage Mod: HP is shown in percentages
|rule|Endless Battle Clause: Forcing endless battles is banned
|rule|Species Clause: Limit one of each Pokémon
|rule|OHKO Clause: OHKO moves are banned
|rule|Evasion Items Clause: Evasion items are banned
|rule|Evasion Moves Clause: Evasion moves are banned
|rule|Evasion Abilities Clause: Evasion abilities are banned
|rule|Sleep Moves Clause: Sleep-inducing moves are banned
|clearpoke
|poke|p1|Moltres-Galar|
|poke|p1|Haxorus, M|
|poke|p1|Thundurus-Therian, M|
|poke|p1|Scizor, M|
|poke|p1|Volcanion|
|poke|p1|Ninetales-Alola, F|
|poke|p2|Lokix, F|
|poke|p2|Great Tusk|
|poke|p2|Tornadus-Therian, M|
|poke|p2|Hatterene, F|
|poke|p2|Pecharunt|
|poke|p2|Alomomola, M|
|teampreview
|inactive|Battle timer is ON: inactive players will automatically lose when time's up. (requested by OUZQ Crocodile)
|
|t:|1781353876
|teamsize|p1|6
|teamsize|p2|6
|start
|switch|p1a: Volcanion|Volcanion|100/100
|switch|p2a: Ryu|Tornadus-Therian, M|100/100
|turn|1
|
|t:|1781353884
|move|p2a: Ryu|U-turn|p1a: Volcanion
|-resisted|p1a: Volcanion
|-damage|p1a: Volcanion|95/100
|
|t:|1781353888
|switch|p2a: Alomomola|Alomomola, M|100/100|[from] U-turn
|move|p1a: Volcanion|Steam Eruption|p2a: Alomomola
|-resisted|p2a: Alomomola
|-crit|p2a: Alomomola
|-damage|p2a: Alomomola|78/100
|-status|p2a: Alomomola|brn
|
|-damage|p2a: Alomomola|72/100 brn|[from] brn
|upkeep
|turn|2
|
|t:|1781353903
|switch|p1a: Scizor|Scizor, M|100/100
|move|p2a: Alomomola|Flip Turn|p1a: Scizor
|-damage|p1a: Scizor|92/100
|
|t:|1781353913
|switch|p2a: Ryu|Tornadus-Therian, M|100/100|[from] Flip Turn
|
|upkeep
|turn|3
|
|t:|1781353921
|switch|p1a: Volcanion|Volcanion|95/100
|move|p2a: Ryu|Heat Wave|p1a: Volcanion
|-resisted|p1a: Volcanion
|-damage|p1a: Volcanion|87/100
|
|upkeep
|turn|4
|
|t:|1781353932
|switch|p2a: Alomomola|Alomomola, M|100/100 brn
|move|p1a: Volcanion|Sludge Bomb|p2a: Alomomola
|-damage|p2a: Alomomola|83/100 brn
|
|-damage|p2a: Alomomola|77/100 brn|[from] brn
|upkeep
|turn|5
|
|t:|1781353942
|switch|p1a: Thundurus|Thundurus-Therian, M, shiny|100/100
|move|p2a: Alomomola|Flip Turn|p1a: Thundurus
|-damage|p1a: Thundurus|88/100
|
|t:|1781353945
|switch|p2a: Yuta|Lokix, F|100/100|[from] Flip Turn
|
|upkeep
|turn|6
|
|t:|1781353953
|move|p2a: Yuta|First Impression|p1a: Thundurus
|-resisted|p1a: Thundurus
|-damage|p1a: Thundurus|0 fnt
|faint|p1a: Thundurus
|
|upkeep
|
|t:|1781353961
|switch|p1a: Ninetales|Ninetales-Alola, F, shiny|100/100
|-weather|Snowscape|[from] ability: Snow Warning|[of] p1a: Ninetales
|turn|7
|
|t:|1781353968
|switch|p2a: Alomomola|Alomomola, M|100/100 brn
|move|p1a: Ninetales|Aurora Veil|p1a: Ninetales
|-sidestart|p1: Luisowbro|move: Aurora Veil
|
|-weather|Snowscape|[upkeep]
|-damage|p2a: Alomomola|94/100 brn|[from] brn
|upkeep
|turn|8
|
|t:|1781353980
|switch|p1a: Haxorus|Haxorus, M, shiny|100/100
|-ability|p1a: Haxorus|Mold Breaker
|move|p2a: Alomomola|Mirror Coat||[still]
|-fail|p2a: Alomomola
|
|-weather|Snowscape|[upkeep]
|-damage|p2a: Alomomola|88/100 brn|[from] brn
|upkeep
|turn|9
|
|t:|1781353988
|switch|p2a: Hatterene|Hatterene, F|100/100
|move|p1a: Haxorus|Swords Dance|p1a: Haxorus
|-boost|p1a: Haxorus|atk|2
|
|-weather|Snowscape|[upkeep]
|upkeep
|turn|10
|
|t:|1781354015
|switch|p1a: Volcanion|Volcanion|87/100
|switch|p2a: Uro|Great Tusk|100/100
|
|-weather|Snowscape|[upkeep]
|upkeep
|turn|11
|
|t:|1781354021
|-end|p2a: Uro|Protosynthesis|[silent]
|switch|p2a: Alomomola|Alomomola, M|100/100 brn
|move|p1a: Volcanion|Steam Eruption|p2a: Alomomola
|-resisted|p2a: Alomomola
|-damage|p2a: Alomomola|86/100 brn
|
|-weather|none
|-damage|p2a: Alomomola|80/100 brn|[from] brn
|upkeep
|turn|12
|
|t:|1781354033
|switch|p1a: Scizor|Scizor, M|92/100
|move|p2a: Alomomola|Mirror Coat||[still]
|-fail|p2a: Alomomola
|
|-damage|p2a: Alomomola|74/100 brn|[from] brn
|upkeep
|turn|13
|
|t:|1781354041
|switch|p2a: Uro|Great Tusk|100/100
|move|p1a: Scizor|Knock Off|p2a: Uro
|-resisted|p2a: Uro
|-damage|p2a: Uro|80/100
|-enditem|p2a: Uro|Choice Scarf|[from] move: Knock Off|[of] p1a: Scizor
|
|upkeep
|turn|14
|
|t:|1781354053
|switch|p1a: Ninetales|Ninetales-Alola, F, shiny|100/100
|-weather|Snowscape|[from] ability: Snow Warning|[of] p1a: Ninetales
|move|p2a: Uro|Headlong Rush|p1a: Ninetales
|-damage|p1a: Ninetales|75/100
|-unboost|p2a: Uro|def|1
|-unboost|p2a: Uro|spd|1
|
|-weather|Snowscape|[upkeep]
|-sideend|p1: Luisowbro|move: Aurora Veil
|upkeep
|turn|15
|
|t:|1781354063
|move|p1a: Ninetales|Aurora Veil|p1a: Ninetales
|-sidestart|p1: Luisowbro|move: Aurora Veil
|move|p2a: Uro|Headlong Rush|p1a: Ninetales
|-damage|p1a: Ninetales|51/100
|-unboost|p2a: Uro|def|1
|-unboost|p2a: Uro|spd|1
|
|-weather|Snowscape|[upkeep]
|upkeep
|turn|16
|
|t:|1781354070
|-end|p2a: Uro|Protosynthesis|[silent]
|switch|p2a: Alomomola|Alomomola, M|100/100 brn
|move|p1a: Ninetales|Freeze-Dry|p2a: Alomomola
|-supereffective|p2a: Alomomola
|-damage|p2a: Alomomola|80/100 brn
|
|-weather|Snowscape|[upkeep]
|-damage|p2a: Alomomola|74/100 brn|[from] brn
|upkeep
|turn|17
|
|t:|1781354079
|switch|p1a: Moltres|Moltres-Galar, shiny|100/100
|move|p2a: Alomomola|Flip Turn|p1a: Moltres
|-damage|p1a: Moltres|97/100
|
|t:|1781354087
|switch|p2a: Ryu|Tornadus-Therian, M|100/100|[from] Flip Turn
|
|-weather|Snowscape|[upkeep]
|upkeep
|turn|18
|
|t:|1781354092
|move|p2a: Ryu|U-turn|p1a: Moltres
|-damage|p1a: Moltres|90/100
|
|t:|1781354095
|switch|p2a: Alomomola|Alomomola, M|100/100 brn|[from] U-turn
|move|p1a: Moltres|Agility|p1a: Moltres
|-boost|p1a: Moltres|spe|2
|
|-weather|none
|-damage|p2a: Alomomola|94/100 brn|[from] brn
|upkeep
|turn|19
|
|t:|1781354103
|-terastallize|p2a: Alomomola|Fairy
|move|p1a: Moltres|Nasty Plot|p1a: Moltres
|-boost|p1a: Moltres|spa|2
|move|p2a: Alomomola|Play Rough|p1a: Moltres
|-supereffective|p1a: Moltres
|-damage|p1a: Moltres|77/100
|
|-damage|p2a: Alomomola|88/100 brn|[from] brn
|upkeep
|turn|20
|
|t:|1781354113
|move|p1a: Moltres|Nasty Plot|p1a: Moltres
|-boost|p1a: Moltres|spa|2
|move|p2a: Alomomola|Flip Turn|p1a: Moltres
|-crit|p1a: Moltres
|-damage|p1a: Moltres|65/100
|
|t:|1781354123
|switch|p2a: Hatterene|Hatterene, F|100/100|[from] Flip Turn
|
|upkeep
|turn|21
|
|t:|1781354129
|move|p1a: Moltres|Fiery Wrath|p2a: Hatterene
|-damage|p2a: Hatterene|0 fnt
|faint|p2a: Hatterene
|
|upkeep
|
|t:|1781354132
|switch|p2a: Alomomola|Alomomola, M, tera:Fairy|100/100 brn
|turn|22
|
|t:|1781354135
|move|p1a: Moltres|Air Slash|p2a: Alomomola
|-damage|p2a: Alomomola|55/100 brn
|move|p2a: Alomomola|Flip Turn|p1a: Moltres
|-damage|p1a: Moltres|61/100
|
|t:|1781354139
|switch|p2a: Yuta|Lokix, F|100/100|[from] Flip Turn
|
|-sideend|p1: Luisowbro|move: Aurora Veil
|upkeep
|turn|23
|
|t:|1781354144
|move|p2a: Yuta|First Impression|p1a: Moltres
|-damage|p1a: Moltres|4/100
|-ability|p1a: Moltres|Berserk|boost
|-boost|p1a: Moltres|spa|1
|-enditem|p1a: Moltres|Sitrus Berry|[eat]
|-heal|p1a: Moltres|29/100|[from] item: Sitrus Berry
|move|p1a: Moltres|Air Slash|p2a: Yuta
|-supereffective|p2a: Yuta
|-damage|p2a: Yuta|0 fnt
|faint|p2a: Yuta
|
|upkeep
|inactive|OUZQ Crocodile has 120 seconds left.
|
|t:|1781354183
|switch|p2a: Alomomola|Alomomola, M, tera:Fairy|88/100 brn
|turn|24
|l|☆Luisowbro
|inactive|Luisowbro disconnected and has a minute to reconnect!
|player|p1|
|j|☆Luisowbro
|inactive|Luisowbro reconnected and has 110 seconds left.
|player|p1|Luisowbro|ingo|
|
|t:|1781354239
|move|p1a: Moltres|Air Slash|p2a: Alomomola
|-damage|p2a: Alomomola|33/100 brn
|cant|p2a: Alomomola|flinch
|
|-damage|p2a: Alomomola|27/100 brn|[from] brn
|upkeep
|turn|25
|
|t:|1781354246
|switch|p2a: Uro|Great Tusk|80/100
|move|p1a: Moltres|Air Slash|p2a: Uro
|-supereffective|p2a: Uro
|-damage|p2a: Uro|0 fnt
|faint|p2a: Uro
|-end|p2a: Uro|Protosynthesis|[silent]
|
|upkeep
|
|t:|1781354249
|switch|p2a: Alomomola|Alomomola, M, tera:Fairy|60/100 brn
|turn|26
|
|t:|1781354268
|switch|p2a: Ryu|Tornadus-Therian, M|100/100
|-terastallize|p1a: Moltres|Steel
|move|p1a: Moltres|Air Slash|p2a: Ryu
|-damage|p2a: Ryu|0 fnt
|faint|p2a: Ryu
|
|upkeep
|
|t:|1781354275
|switch|p2a: Alomomola|Alomomola, M, tera:Fairy|93/100 brn
|turn|27
|
|t:|1781354278
|move|p1a: Moltres|Nasty Plot|p1a: Moltres
|-boost|p1a: Moltres|spa|1
|move|p2a: Alomomola|Mirror Coat||[still]
|-fail|p2a: Alomomola
|
|-damage|p2a: Alomomola|87/100 brn|[from] brn
|upkeep
|turn|28
|inactive|Luisowbro has 120 seconds left.
|
|t:|1781354285
|move|p1a: Moltres|Air Slash|p2a: Alomomola
|-damage|p2a: Alomomola|21/100 brn
|cant|p2a: Alomomola|flinch
|
|-damage|p2a: Alomomola|15/100 brn|[from] brn
|upkeep
|turn|29
|-message|OUZQ Crocodile forfeited.
|
|win|Luisowbro
|raw|Luisowbro's rating: 1651 &rarr; <strong>1670</strong><br />(+19 for winning)
|raw|OUZQ Crocodile's rating: 1641 &rarr; <strong>1622</strong><br />(-19 for losing)
|l|☆OUZQ Crocodile
|player|p2|
|l|☆Luisowbro
|player|p1|
